3342 5224
181 382 325 467 111.18.]
583 401 622 450 rx
647 402 701 454 se.
723 403 774 453 ιο
798 403 974 454 onuxrns.
1342 397 1382 463 45

178 565 422 645 adscribimus;
445 578 479 632 et
502 568 594 634 illam
621 570 901 648 benedictionem,
923 592 1010 654 quae
1027 593 1057 636 a
1080 572 1156 635 Deo
1179 578 1240 645 est,
1264 589 1386 651 expec-

178 676 296 731 tamus
341 668 471 734 hancne
487 671 615 736 euoluit
629 671 696 749 lex,
712 695 799 756 quae
815 683 893 756 post
908 683 1009 738 tanto
1021 682 1172 757 tempore
1188 670 1277 734 sacta
1293 679 1343 734 est
1355 670 1384 733 i’

178 777 213 832 et
235 770 416 836 ostendens
441 774 600 856 quoniam
627 774 811 839 secundum
839 775 949 859 legem
974 775 1087 839 uiuere
1106 770 1310 839 contrarium
1333 779 1385 836 est

178 871 226 937 illi
241 874 461 957 promissioni,
476 899 563 960 quae
578 877 623 944 ad
637 877 813 942 Abraham
830 878 921 943 sacta
934 887 995 956 est,
1010 879 1153 943 adiecit:

242 1009 277 1071 si
302 1009 388 1074 enim
417 1032 457 1074 ex
484 1011 550 1094 lege
578 1021 626 1076 est
649 1011 819 1090 hereditas,
844 1013 912 1076 iam
944 1033 1006 1076 non
1032 1021 1081 1077 est
1102 1034 1141 1077 er
1160 1011 1381 1095 promissione.
1420 1037 1436 1102 5

177 1111 335 1178 Abrahae
348 1136 422 1178 uero
429 1126 493 1197 per
506 1116 779 1198 repromissionem
795 1117 933 1180 donauit
945 1117 1045 1182 Deus.

245 1237 276 1305 †‘
286 1254 355 1297 uox
385 1232 442 1298 illa
467 1255 554 1317 quae
584 1234 673 1300 sacta
702 1244 754 1299 est
783 1235 827 1299 ad
858 1233 1033 1300 Abraham
1063 1236 1293 1319 promissionis
1331 1245 1383 1300 est

178 1331 325 1418 (inquit),
341 1357 428 1420 quae
453 1339 548 1420 quasi
574 1357 734 1420 magnum
755 1338 881 1421 aliquid
903 1338 1029 1404 donare
1052 1342 1082 1404 ei
1104 1340 1280 1422 promittit
1324 1338 1381 1403 lex

177 1446 291 1501 autem
308 1439 534 1523 integritatem
558 1441 648 1505 uitae
668 1443 783 1526 exigit,
800 1451 834 1506 et
849 1452 929 1506 tunc
951 1443 1011 1506 dat
1027 1442 1223 1508 mercedem.
1267 1443 1382 1525 itaque

177 1541 206 1604 si
222 1561 265 1604 ex
282 1542 356 1626 lege
370 1543 454 1607 haec
473 1545 545 1608 dari
564 1545 660 1609 nobis
686 1554 915 1628 expectamus,
932 1543 1101 1628 superflua
1121 1552 1172 1608 est
1195 1544 1380 1627 promissio.
1400 1537 1438 1606 10'

176 1653 292 1709 noster
320 1647 409 1710 enim
440 1647 545 1727 labor,
575 1656 610 1712 et
647 1669 714 1712 non
753 1649 817 1711 Dei
855 1649 1032 1732 promissio
1061 1647 1248 1711 mercedem
1286 1647 1382 1711 nobis

176 1749 338 1814 restituet.
383 1751 410 1814 si
433 1761 547 1816 autem
568 1753 743 1834 promissio
768 1753 856 1818 sacta
881 1763 932 1818 est
954 1774 1042 1838 quae
1062 1752 1289 1836 promittentis
1306 1773 1382 1835 gra-

176 1851 260 1915 tiam
276 1852 529 1932 demonstraret,
546 1876 613 1920 non
630 1858 745 1939 utique
766 1857 849 1940 legis
868 1857 1006 1921 directio
1027 1867 1078 1922 est
1094 1860 1300 1934 necessaria;
1321 1859 1381 1921 sed

177 1955 243 2019 Dei
259 1957 444 2039 promissio,
460 1978 546 2040 quae
561 1959 659 2048 nobis
673 1962 943 2024 communionem
960 1960 1065 2024 donat
1081 1955 1365 2024 benedictionis’*

243 2059 325 2122 illud
342 2068 455 2123 autem
472 2071 588 2127 notare
603 2063 637 2124 in
653 2063 845 2145 apostolicis
866 2062 963 2127 dictis
981 2063 1121 2146 dignum
1145 2071 1206 2140 est,
1222 2063 1380 2143 quoniam
1400 2069 1434 2137 15

174 2160 284 2226 dixit:
306 2183 369 2225 reon
394 2162 496 2226 dicit:
518 2168 566 2226 ‘et
586 2163 781 2240 seminibus,’
803 2166 901 2247 quasi
920 2165 955 2228 in
980 2165 1118 2239 multis,
1140 2162 1203 2240 sed,
1227 2163 1324 2245 quasi
1346 2163 1381 2226 in

173 2283 265 2326 uno:
294 2269 343 2327 ‘et
369 2265 487 2330 semini
514 2266 585 2344 tuo,’
611 2267 671 2349 qui
696 2277 746 2331 ost
769 2266 928 2333 Christro.
979 2285 1046 2328 non
1070 2265 1161 2349 quod
1184 2285 1251 2328 non
1275 2265 1381 2349 possit

173 2367 304 2431 dictum
340 2389 412 2432 esse
449 2369 539 2451 quod
576 2368 719 2435 dixerit:
761 2380 793 2433 et
820 2369 942 2434 semini
972 2379 1034 2446 tuo,
1066 2370 1099 2432 in
1134 2388 1312 2433 commune
1347 2379 1382 2434 et

174 2472 220 2536 de
250 2473 406 2536 omnibus
436 2473 593 2557 intellegi,
630 2474 664 2537 in
700 2475 915 2538 contentione
951 2473 1086 2556 posuit;
1124 2470 1184 2535 sed
1221 2473 1380 2554 quoniam
1430 2495 1431 2499 ¹

175 2577 266 2642 lacta
293 2576 399 2641 suerat
423 2577 466 2641 ad
490 2576 665 2642 Abraham
688 2577 864 2660 promissio
888 2585 923 2641 et
943 2576 987 2640 ad
1007 2595 1121 2662 semen
1147 2575 1226 2654 eius,
1249 2585 1285 2639 ut
1310 2575 1381 2638 uni·
1395 2591 1439 2640 20

175 2700 293 2745 uersae
316 2689 443 2763 gentes
471 2689 542 2744 tam
566 2681 668 2764 ipsius
686 2701 786 2764 quam
807 2681 910 2745 etiam
933 2680 1069 2744 seminis
1093 2679 1172 2756 eius,
1195 2680 1382 2744 communi-

173 2790 290 2846 carent
326 2782 602 2846 benedictionem.
648 2783 866 2866 praeueniens
896 2783 1043 2847 ostendit
1073 2782 1234 2866 quoniam
1268 2783 1381 2864 inpos·

173 2885 271 2949 sibile
294 2887 339 2949 sit
364 2885 398 2948 in
423 2885 577 2950 omnibus
600 2886 756 2969 gentibus
783 2886 914 2969 impleri
936 2887 1201 2969 promissionem,
1231 2885 1294 2948 nisi
1321 2905 1382 2968 per

173 2991 277 3055 fidem
307 2989 423 3054 solam.
467 3010 511 3054 ex
542 2989 639 3053 rebus
669 2990 741 3074 ipse
771 2991 890 3054 iterum
928 2988 1093 3072 probauit,
1124 2989 1284 3071 quoniam
1322 3008 1383 3070 per

239 3180 356 3265 ἡπρός
371 3183 426 3249 τὸν
443 3182 600 3270 Ἀβραὰμ
620 3184 709 3270 φωνὴ
730 3184 926 3267 ἐπαγγελίας
946 3183 1044 3262 ἐστίν,
1060 3181 1167 3269 φησίν.
1200 3179 1270 3246 ὅδὲ
1285 3179 1381 3258 νόμος
1395 3202 1433 3268 25

173 3285 383 3370 κατορθῶσαι
402 3283 544 3365 ἀπαιτεῖ,
559 3285 615 3352 καὶ
629 3284 703 3352 τότε
723 3284 856 3352 δίδωσιν
873 3283 929 3351 τὸν
942 3283 1070 3368 μισθόν·
1085 3280 1171 3348 ὥστε
1190 3281 1220 3348 εί
1236 3282 1296 3366 μὲν
1316 3279 1384 3349 α’πὸ

173 3388 233 3451 τοῦ
248 3384 345 3466 νόμου
358 3392 462 3453 ταῦτα
476 3386 691 3472 περιμένομεν,
707 3385 877 3473 περιττὴῆ
900 3385 1088 3471 ἐπαγγελία·
1108 3383 1126 3449 ὁ
1146 3382 1208 3469 γὰρ
1230 3381 1382 3471 ἡμέτερος

173 3485 317 3570 κάματος
332 3487 386 3554 καὶ
400 3487 462 3577 οὐχ
476 3487 495 3571 ἡ
510 3493 568 3556 τοῦ
583 3491 668 3557 Θεοῦ
683 3488 864 3574 ἐπαγγελία
879 3490 932 3555 τὸν
945 3488 1064 3574 μισθὸν
1083 3485 1161 3570 ἡμῖν
1175 3484 1381 3552 ἀποδίδωσιν·

172 3589 204 3656 εί
229 3589 264 3657 δὲ
288 3589 306 3674 ἦ
330 3592 512 3676 ἐπαγγελία
533 3592 701 3678 γεγένηται
724 3593 782 3674 τὴν
811 3598 869 3660 τοῦ
893 3591 1122 3680 ὑποσχομένου
1145 3590 1244 3678 χάριν
1267 3587 1381 3676 ἐμφαί-

173 3722 286 3774 νουσα,
313 3695 372 3762 orire
395 3696 458 3783 ἄρα
479 3696 498 3778 ἡ
521 3701 579 3764 τοῦ
604 3695 702 3778 νόμον
725 3695 923 3782 κατίρθιοσίς
948 3698 1046 3775 ἐστιν,
1072 3692 1150 3760 ἀλλ’
1175 3691 1194 3774 ἦ
1223 3696 1282 3759 τοῦ
1308 3693 1381 3760 θεοῦ
1396 3723 1438 3788 30

173 3797 357 3888 ὑπόσχεσις
372 3797 392 3883 ἡ
408 3801 466 3882 τὴν
477 3801 642 3868 κοινωνίαν
655 3801 730 3884 irie
745 3805 801 3883 τῆς
817 3799 966 3884 εὐλογίας
981 3797 1185 3889 χαριζομένη.

228 3958 542 4025 17,18semineC’(bis)
632 3974 661 4024 17
678 3977 742 4028 quse
761 3961 817 4025 (for
833 3962 911 4027 quod)
933 3959 972 4012 C*
1005 3961 1064 4026 quia
1084 3961 1107 4011 C
1124 3961 1197 4022 (corr)
1294 3977 1323 4029 ¹9
1339 3971 1381 4013 aut

173 4042 229 4106 (hes
233 4043 258 4092 in
269 4045 346 4104 cont.)
358 4044 485 4093 addCH
492 4063 499 4094 ι
509 4045 563 4110 for.
574 4047 617 4109 leg.
632 4045 689 4095 hoc.
817 4059 848 4104 25
860 4059 898 4108 sq.
913 4040 990 4092 Coisl.
1006 4042 1082 4106 ao4s.
1098 4041 1223 4105 26b[Cr.
1235 4043 1266 4093 vi.
1283 4055 1322 4106 54,
1338 4045 1380 4094 Fr.
1432 4087 1435 4093 .

175 4122 243 4186 1241.
276 4125 396 4186 θεόδιιροι.
423 4123 499 4176 ἄλλοι
510 4125 585 4174 πάλιν
601 4127 684 4188 φησιν·
701 4125 717 4184 ἡ
733 4124 792 4187 πρὸς
807 4125 850 4172 τὸν
864 4122 930 4186 ’Δβ.,
944 4126 1017 4175 κ.τ.λ.

211 4275 248 4322 17-
284 4277 335 4310 ιιοιι
355 4263 422 4327 quod
440 4279 492 4312 ιιοιι
509 4264 595 4327 possit,
616 4263 673 4326 δια]
701 4263 749 4314 Th.
804 4261 876 4326 point
886 4260 916 4310 ol
921 4275 1060 4326 grammon
1076 4259 1196 4310 heisnot
1207 4261 1316 4326 denying
1326 4261 1380 4311 that

172 4341 281 4392 for-sees
292 4342 334 4393 the
348 4343 488 4407 objection:
508 4347 628 4408 ’σπέρμα
642 4345 697 4416 Π,
710 4360 753 4394 are
802 4342 864 4392 such
886 4357 967 4392 nouns
989 4357 1046 4405 may
1069 4341 1101 4391 be
1122 4341 1184 4392 used
1206 4348 1233 4391 to
1255 4343 1346 4392 denote
1366 4358 1381 4390 a

173 4419 305 4471 collective
332 4421 432 4472 nouus!
477 4423 520 4488 He
542 4438 665 4473 answers:
695 4423 752 4473 ‘the
803 4421 956 4475 multitude!

175 4500 253 4563 Αρ.ἐι
271 4512 399 4565 argument
422 4503 483 4552 does
506 4511 549 4552 not
573 4511 628 4552 turn
652 4519 717 4566 upon
738 4520 752 4550 a
