3332 5210
189 398 228 460 V.
250 413 295 469 12,
317 393 375 477 13.]
599 407 638 456 ru
665 406 716 456 un.
740 407 789 455 nn
813 405 988 457 cnunrns
1352 407 1392 470 93

186 580 370 643 secundum
403 577 574 642 Christum
607 587 686 640 sunt
716 576 995 659 interceptionem
1027 575 1152 639 faciunt
1179 575 1271 656 legis,
1302 574 1395 637 cuius

189 679 257 742 uim
276 680 427 743 obtinere
443 679 575 742 uidetur
592 679 797 742 circumcisio
813 697 820 752 ;
844 679 1056 742 exaestuauit
1081 679 1127 741 ira
1149 687 1259 741 motus
1278 685 1394 740 contra

189 781 263 845 illos
289 781 442 846 homines
468 783 525 864 qui
550 803 611 865 pro
638 780 740 844 nihilo
766 781 1025 864 sollicitudinem
1059 781 1250 864 expendere
1275 801 1394 863 prope-

189 896 264 951 rant
279 907 287 951 ε

255 1047 383 1112 ntirmm
398 1056 429 1110 et
441 1047 653 1111 abscidantur
666 1047 724 1130 qrn'
736 1047 929 1110 conturbant
943 1068 1006 1110 nas.
1409 1048 1425 1115 5

256 1200 315 1262 ‘ad
341 1199 477 1282 plenum
505 1196 640 1281 (inquit)
664 1197 692 1260 si
719 1195 863 1261 salutem
891 1198 988 1261 nobis
1013 1205 1047 1261 et
1073 1196 1312 1280 perfectionem
1337 1218 1395 1279 per

192 1302 360 1368 Christum
392 1302 509 1364 adesse
546 1321 727 1383 speramus,
762 1309 796 1364 et
830 1301 975 1384 corporis
1008 1300 1159 1364 friuolam
1190 1301 1393 1364 excisionem

192 1407 316 1468 bonum
333 1404 413 1486 quid
430 1424 502 1466 esse
526 1403 683 1477 iudicant,
703 1402 805 1466 etiam
825 1403 955 1485 integra
976 1402 1127 1480 membra
1148 1402 1308 1486 genitalia
1331 1401 1394 1464 sibi

191 1509 357 1584 excidant,
374 1517 410 1571 ut
427 1510 568 1572 maiores
584 1507 764 1591 adquirant
780 1507 895 1584 lucros
911 1509 939 1571 si
962 1518 1076 1573 tamen
1100 1508 1207 1572 carnis
1224 1507 1395 1570 excisione

192 1614 295 1677 iuuari
312 1634 346 1676 se
363 1608 578 1675 existimant.'
1414 1615 1452 1660 10

256 1727 289 1780 et
306 1717 347 1779 ad
365 1716 499 1798 plenum
517 1715 592 1798 quis
607 1715 820 1778 considerans
837 1713 893 1777 illa
912 1734 998 1796 quae
1015 1715 1048 1776 in
1071 1713 1134 1778 hac
1150 1724 1227 1778 sunt
1242 1711 1394 1796 epistola,

192 1828 261 1882 tam
279 1839 364 1900 quae
381 1831 477 1880 extra
493 1817 723 1900 probationem
745 1825 832 1891 sunt,
848 1817 919 1878 siue
936 1817 978 1878 ad
999 1815 1137 1880 Galatas
1159 1817 1249 1880 dicta
1265 1817 1335 1878 siue
1351 1814 1394 1877 ad

192 1923 408 1996 aduersarios
426 1921 570 1983 inueniet
586 1921 724 1983 densam
747 1940 821 1982 eam
846 1941 917 1982 csse
941 1929 973 1983 et
990 1941 1105 1984 sensus
1127 1922 1288 1983 uarietate
1305 1917 1395 1982 illus-

191 2036 336 2101 tratam;
362 2043 449 2087 nunc
465 2022 601 2104 quidem
625 2023 699 2100 ista,
717 2043 803 2084 nunc
827 2045 906 2086 uero
928 2024 984 2086 illa
1000 2025 1176 2088 dicentem.
1214 2023 1303 2105 quod
1321 2044 1394 2105 pro-

192 2129 301 2212 prium
325 2135 375 2189 est
398 2125 529 2187 illorum
551 2123 607 2206 qui
631 2125 824 2201 irascuntur,
841 2127 888 2188 ita
911 2135 947 2189 ut
963 2135 997 2189 et
1018 2127 1124 2190 multa
1140 2128 1345 2208 contingant,
1362 2135 1394 2187 et
1415 2131 1448 2196 15
1482 2177 1484 2182 ,

190 2233 304 2296 omnia
329 2231 517 2312 frequenter
543 2237 576 2290 et
599 2229 836 2310 compendiose
859 2229 981 2304 dicant,
997 2229 1089 2292 nullo
1112 2231 1145 2292 in
1168 2229 1241 2292 loco
1261 2247 1394 2290 sensum

191 2337 378 2400 dilatantes
425 2335 543 2397 beatus
575 2352 653 2394 uero
685 2330 805 2394 Paulus
836 2331 996 2395 inuehens
1026 2354 1061 2396 se
1086 2334 1283 2396 aduersariis
1307 2332 1396 2395 suffi-

191 2440 324 2515 cienter,
340 2438 382 2499 ad
407 2435 674 2499 exhortationem
705 2432 900 2497 Galatarum
928 2436 1072 2509 recurrit,
1093 2433 1274 2516 perfectam
1298 2454 1397 2515 super

191 2541 370 2604 uirtutibus
393 2538 516 2602 faciens
539 2537 583 2600 ad
606 2536 678 2600 illos
701 2537 898 2613 doctrinam,
922 2539 969 2601 ita
993 2547 1029 2601 ut
1053 2538 1209 2602 ostendat
1233 2538 1280 2601 eis
1305 2537 1395 2619 quod

190 2644 254 2708 hoc
279 2643 386 2707 multo
409 2643 521 2724 aptius
546 2640 609 2703 illis
637 2661 710 2703 esse
739 2641 878 2716 uidetur,
894 2643 950 2724 qui
976 2662 1042 2704 non
1065 2642 1127 2706 sub
1150 2642 1234 2724 lege,
1250 2640 1309 2704 sed
1333 2641 1394 2703 sub
1411 2651 1453 2700 20

190 2747 298 2829 gratia
315 2745 436 2810 Christi
454 2752 698 2807 conuersantur.
744 2743 919 2826 disputans
939 2765 1017 2808 uero
1036 2745 1078 2807 ad
1100 2765 1157 2807 eos
1178 2744 1221 2807 de
1242 2743 1395 2825 hisquae

191 2850 254 2912 sibi
277 2849 426 2912 maxime
450 2847 623 2912 imminere
647 2848 792 2921 uidebat,
811 2849 857 2912 ita
881 2858 917 2912 ut
940 2869 992 2912 res
1011 2849 1084 2930 ipsa
1107 2847 1275 2929 exigebat,
1292 2848 1394 2909 etiam

192 2960 225 3015 et
242 2952 388 3016 caritatis
405 2952 506 3014 uerba
522 2951 733 3033 permiscuit:

256 3129 312 3172 aas
326 3117 443 3181 antem,
451 3107 592 3188 fratres,
608 3107 644 3170 in
660 3107 839 3170 libertatern
856 3109 962 3171 uocati
974 3107 1058 3171 estis.

257 3245 384 3328 optime
408 3244 451 3307 ab
467 3243 532 3307 illis
547 3263 634 3327 quae
654 3252 733 3307 ante
754 3264 825 3307 asc
847 3244 976 3308 fuerant
998 3253 1132 3308 ostensa
1153 3243 1396 3308 exhortationis
1411 3253 1450 3318 25

192 3349 333 3431 sumpsit
359 3347 566 3430 principium.
613 3347 738 3409 ‘uocati
764 3345 898 3431 (inquit)
930 3347 1015 3425 estis,
1048 3359 1084 3412 ut
1116 3347 1296 3431 participes
1324 3346 1396 3408 sitis
1470 3429 1471 3434 ἵ

191 3450 369 3517 libertatis!
409 3460 442 3513 et
458 3449 659 3513 confirmans
675 3449 802 3513 dictum
819 3472 938 3514 suurn:

243 3633 415 3684 rfaciuntom
428 3632 461 3682 II
563 3631 702 3682 airamH
795 3633 987 3696 5abscidentur
1000 3633 1042 3684 C'
1156 3652 1185 3699 ¹4
1202 3636 1300 3686 dicente
1315 3635 1356 3686 C*
1369 3636 1402 3685 ΙΙ

195 3731 225 3781 ¹⁹
240 3717 272 3766 ad
285 3716 342 3766 illos
352 3715 436 3765 omH

225 3878 248 3926 5.
281 3861 450 3922 abscidantur]
480 3861 514 3910 So
529 3859 560 3910 Ο.
575 3860 604 3909 L.
618 3859 768 3922 (Sabatier);
820 3847 1309 3912 ‘lb'sexplanationasanaltornntive:
1322 3853 1394 3914 “uel‚

192 3945 277 4010 vulg..
290 3943 477 3994 abscindantur.
820 3929 915 3979 utinam
932 3930 991 3980 totis
1008 3931 1090 3995 potius
1107 3931 1218 3980 uirilibus
1229 3933 1279 3982 suis
1289 3941 1397 3984 castren·

224 4030 248 4078 8.
285 4027 359 4076 etnam
370 4023 466 4088 integra
478 4022 596 4084 membra]
621 4022 770 4073 Thettalos
820 4007 884 4063 tur-”
907 4012 1038 4070 Lunfranc.
1050 4028 1083 4062 on
1096 4012 1138 4062 the
1146 4014 1218 4062 other
1226 4014 1300 4074 hand,
1311 4013 1398 4065 allous

191 4107 446 4166 καταρωρξῂςμω
456 4105 560 4154 ἑαυτούς,
595 4103 631 4154 so
650 4104 709 4152 “all
727 4103 769 4153 the
820 4094 880 4158 only
897 4093 940 4143 the
959 4093 1137 4158 metaphorical
1159 4109 1245 4144 sense:
1269 4095 1321 4145 “id
1343 4105 1396 4147 est:

191 4191 274 4242 Greek
292 4195 493 4244 commentators,
511 4185 525 4235 1
543 4185 647 4244 believe,
664 4185 769 4235 without
820 4173 1013 4225 eunuchizentur
1026 4189 1042 4222 u
1059 4175 1131 4224 malls
1147 4173 1282 4223 moribus.”

191 4271 336 4338 exception;
353 4271 396 4320 the
415 4269 491 4318 latin
510 4268 610 4328 fathers,
633 4269 690 4317 who
709 4268 768 4318 read
852 4269 877 4320 9·
904 4252 1053 4317 12‘8701105
1073 4254 1181 4314 Ruusuhr
1203 4255 1277 4314 stulu,
1297 4272 1323 4320 P·
1338 4256 1393 4308 Ι268.

194 4349 400 4403 ‘abscindantur'
419 4349 445 4399 in
465 4348 530 4398 their
548 4355 608 4410 text,
630 4347 681 4397 had
701 4363 770 4397 more
854 4352 893 4399 ²4·
923 4336 1072 4398 uocantem]
1099 4337 1161 4394 ὖμεῖς
1179 4337 1211 4386 δέ.
1255 4338 1310 4389 The
1323 4339 1398 4390 Latin

191 4431 314 4484 latitude’t
341 4432 391 4492 (Dr
419 4429 566 4494 Lightfootl,
612 4429 660 4478 see
687 4429 718 4489 (e,
733 4428 770 4492 g.)
821 4418 966 4469 authorities
981 4419 1064 4469 follow
1080 4419 1122 4468 the
1139 4419 1242 4482 reading
1259 4408 1323 4480 ὑμεῖς
1339 4423 1396 4484 γάρ,

193 4511 425 4578 peregrinanti.
463 4509 580 4560 Sedulius
597 4509 686 4560 Scotns
702 4507 771 4571 gives
822 4502 999 4552 andsoThdt.
1011 4502 1079 4549 adh.
1092 4503 1109 4550 f.
