3340 5232
163 384 203 450 V.
226 384 373 471 10-13.]
575 401 618 450 m
643 401 694 455 sa.
717 401 769 451 Ao
793 400 978 452 erunsros
1315 401 1376 470 ¹79

218 568 395 652 probantes
409 569 493 653 quid
502 571 551 634 sit
559 569 785 652 beneplacitam
797 569 940 634 Domino
949 593 964 645 ,·
986 580 1019 635 et
1032 569 1129 634 nolite
1142 569 1376 635 communicare

161 669 307 752 operibus
328 670 539 752 infructuosis
560 670 772 749 tenebrarum,
787 673 896 756 magis
908 683 1016 737 autem
1031 682 1062 736 et
1075 671 1269 756 redarguite.

228 797 360 858 ‘curam
379 795 480 878 igitur
495 795 601 878 magis
617 795 775 860 adhibere
798 796 928 860 illorum
950 785 1036 879 quae
1058 796 1192 880 placent
1216 796 1374 873 Domino,

163 891 244 955 nihil
271 894 479 976 perficientes
503 896 570 960 tale
593 897 692 979 quale
718 907 753 962 et
778 897 824 960 illi
849 899 907 980 qui
934 899 1045 962 Deum
1072 899 1232 962 nesciunt
1276 897 1391 980 decet·

163 996 252 1058 enim
268 1018 330 1061 uos
349 998 396 1062 sic
415 1019 435 1062 a
453 1009 591 1082 peccato
613 991 727 1064 modis
740 1001 895 1065 omnibus
916 1003 1029 1080 auerti,
1048 1003 1094 1067 ita
1112 1012 1198 1067 utet
1213 1001 1269 1067 illa
1286 1022 1373 1085 quae
1408 1023 1426 1093 5

162 1101 353 1166 huiusmodi
379 1103 423 1168 ab
452 1104 525 1167 aliis
555 1103 640 1168 fiunt
670 1105 824 1186 arguatis
854 1107 898 1168 ob
931 1105 1108 1170 utilitatem
1139 1103 1371 1171 communem?

163 1203 210 1266 sic
240 1214 274 1267 et
303 1205 346 1268 ad
376 1205 592 1269 Timotheum
623 1206 745 1282 scribit,
777 1207 892 1271 dicens
927 1228 979 1270 eos
1014 1207 1073 1290 qui
1099 1217 1230 1290 peccant
1264 1227 1372 1270 coram

161 1308 311 1373 omnibus
324 1329 469 1391 arguere,
484 1318 523 1374 ut
535 1319 567 1372 et
579 1310 675 1374 ceteri
688 1309 835 1374 tr‘mornn
850 1309 995 1376 habeant.

228 1419 262 1474 et
277 1411 456 1473 ostendens
471 1410 583 1492 qualia
597 1420 676 1475 sunt
690 1432 776 1493 quae
790 1411 834 1475 ab
850 1410 913 1474 illis
929 1412 1072 1477 fiebant:

227 1565 308 1628 quae
321 1544 407 1609 enim
422 1543 459 1608 in
473 1545 588 1610 occulto
591 1545 741 1630 fiuntab
756 1546 831 1624 illis,
847 1557 938 1630 turpe
951 1557 999 1611 est
1011 1557 1044 1611 et
1056 1546 1165 1648 dicere.
1388 1567 1428 1616 10

227 1687 304 1751 dein
320 1688 410 1770 quod
426 1687 522 1764 dixit,
538 1689 645 1772 magis
658 1697 766 1752 autem
787 1698 820 1752 et
841 1687 978 1772 arguite,
993 1689 1173 1754 ostendens
1197 1687 1301 1772 ipsius
1325 1688 1371 1752 rei

163 1787 350 1865 utilitatem,
366 1789 506 1854 adiecit:

226 1939 336 2004 omnia
350 1941 435 2006 enim
449 1941 529 2006 dum
543 1951 741 2026 arguuntur,
755 1963 777 2005 a
791 1941 915 2007 lumina
928 1940 1193 2026 manifestantur.

228 2087 306 2131 nam
322 2068 402 2132 dum
419 2067 505 2132 illius
520 2078 613 2133 actus
628 2068 685 2151 qui
701 2068 850 2151 arguitur
864 2065 949 2132 fiunt
960 2067 1136 2146 manifesti,
1149 2067 1257 2132 sciunt
1269 2065 1369 2130 etiam

162 2168 297 2234 alterius
320 2173 489 2254 corrigere.
533 2174 660 2236 dictum
685 2183 736 2237 est
759 2182 872 2236 autem
898 2173 942 2236 ab
965 2173 1119 2256 apostolo
1143 2193 1210 2238 non
1235 2175 1370 2257 integre,
1388 2186 1424 2255 15

162 2273 252 2338 dixit
281 2275 370 2340 enim
400 2274 481 2339 nihil
506 2276 648 2358 amplius
674 2275 736 2340 nisi
763 2279 842 2360 quia
871 2277 1152 2361 manifestantem
1183 2278 1265 2343 illud
1291 2299 1371 2342 uero

162 2380 252 2462 quod
274 2382 473 2463 sequebatur
494 2380 625 2444 silentio
648 2381 793 2458 tradidit,
815 2401 857 2445 eo
879 2382 969 2465 quod
991 2391 1106 2465 posset
1128 2381 1201 2464 ipsa
1216 2381 1371 2446 manifes-

162 2481 247 2543 tatio
270 2482 436 2547 adiuuare.
492 2483 602 2545 omnis
632 2483 720 2546 enim
751 2483 951 2566 quicumque
976 2493 1035 2562 est,
1062 2483 1116 2547 ille
1146 2504 1244 2566 super
1273 2503 1370 2547 suum

161 2580 319 2644 delictum
336 2582 563 2646 confusionem
579 2585 723 2665 patietur
741 2594 820 2648 tunc
840 2585 976 2668 quando
997 2585 1068 2650 eius
1090 2584 1249 2650 delictum
1274 2584 1371 2649 suerit

163 2685 420 2750 manifestatum.
464 2685 585 2749 deinde
601 2687 742 2751 adiecit:
1383 2709 1427 2758 20

226 2852 318 2896 omne
339 2833 427 2916 quod
445 2835 686 2916 Mnifestum,
709 2837 815 2901 lumen
836 2847 890 2903 cst.

214 3013 352 3079 rprobans
367 3013 430 3064 CH
535 3016 814 3080 ropinlructomli
916 3015 1066 3081 3adhibete
1080 3013 1185 3078 C(corr)
1200 3012 1204 3079 Ι
1219 3013 1369 3077 illorumque

165 3091 205 3144 θ’
297 3110 327 3146 10
343 3095 485 3160 inmittat
494 3094 751 3167 enimlatdctct
831 3111 859 3150 ιι
877 3097 997 3150 astute
1078 3111 1110 3148 ιο
1125 3095 1284 3146 musetum
1298 3092 1357 3160 οη

163 3174 277 3226 edicite
727 3207 728 3212 ,

199 3363 221 3397 ι.
257 3347 401 3412 probantes]
454 3349 502 3401 See
537 3365 576 3400 vv.
613 3349 639 3401 ll.
687 3349 743 3400 The
781 3349 871 3414 sestati
884 3348 932 3414 (ior
949 3348 1127 3414 mam'sestata).
1159 3349 1200 3400 Eo
1215 3348 1283 3414 quod
1290 3355 1371 3414 posset

163 3431 256 3480 scribes
275 3447 340 3481 were
357 3431 447 3482 misled
469 3433 503 3496 by
520 3432 564 3482 the
582 3433 670 3484 notion
688 3433 742 3483 thet
788 3431 811 3482 is
829 3431 946 3496 replaced
960 3431 994 3495 by
1010 3430 1054 3480 the
1067 3429 1145 3480 ens-ier
1160 3430 1190 3480 td
1203 3429 1291 3479 m'le'cet
1307 3431 1374 3494 quod

163 3512 207 3562 the
218 3515 300 3563 words
305 3515 520 3578 proh—Domino
534 3514 631 3564 formed
648 3523 703 3580 part
716 3513 746 3563 of
784 3511 867 3576 possr‘t.
894 3511 978 3560 Enim
991 3510 1039 3571 (ior
1049 3511 1143 3572 autem)
1153 3511 1175 3559 is
1186 3510 1261 3577 given
1272 3509 1326 3560 also
1336 3510 1370 3574 by

165 3595 207 3644 the
221 3604 356 3645 comment.
390 3597 427 3647 As
444 3597 505 3648 such
521 3597 548 3647 in
565 3598 614 3648 fact
632 3596 691 3662 they
701 3612 744 3650 are
791 3594 848 3644 Iren
861 3630 869 3654 ,
882 3595 950 3660 Aug.

163 3677 263 3743 printed
274 3679 309 3743 by
321 3679 394 3729 Card.
411 3680 485 3729 Pitrn.
824 3690 864 3726 nr·
898 3689 970 3725 omne
978 3674 1045 3740 quod
1058 3673 1239 3739 nommetur,
1251 3674 1269 3723 Ι.
1280 3689 1299 3725 e.
1313 3673 1372 3736 dcc]

198 3771 220 3822 7.
255 3775 292 3810 eos
312 3761 358 3825 qui
372 3762 486 3826 peccant]
533 3761 575 3811 Cf.
599 3775 608 3810 ι
631 3761 698 3811 Tim.
716 3777 739 3812 v.
791 3759 840 3808 Th.
853 3773 932 3808 seems
943 3757 1041 3810 bercto
1056 3758 1145 3824 depart
1160 3757 1225 3808 from
1240 3757 1283 3807 the
1299 3771 1371 3808 sense
1395 3813 1397 3818 ¹

164 3857 205 3900 no,
217 3842 301 3892 where
315 3843 364 3894 Th.
377 3844 500 3894 remarks:
520 3849 590 3894 “nec
606 3844 673 3894 enim
690 3851 743 3893 erat
791 3837 874 3888 which
885 3837 917 3888 he
928 3837 979 3888 hod
991 3837 1107 3903 migned
1124 3845 1151 3887 l0
1167 3837 1329 3898 4⁵²⁹·qu
1345 3837 1372 3886 in

163 3922 329 3974 necessarium
340 3928 367 3971 ut
378 3923 427 3973 hoc
438 3924 473 3974 ita
485 3924 563 3976 fieret.
576 3924 624 3973 nisi
636 3923 670 3973 ob
682 3923 742 3972 elio-
791 3921 834 3970 the
845 3921 961 3985 previous
971 3934 1050 3968 verse.
1071 3917 1154 3968 'There
1164 3917 1184 3967 it
1193 3918 1370 3982 isinterpreted

164 4017 220 4053 rum
236 4001 305 4052 fieret
322 4003 522 4054 emendationem
528 4001 543 4026 ’²
560 4003 647 4068 (citing
667 4003 742 4053 Matt.
792 4009 819 4052 to
835 4017 909 4053 menn
924 4002 957 4052 ele
974 4001 1078 4063 φανερὸν
1093 3999 1272 4057 ἐλθεῖν-ἥρω,
1290 4001 1317 4049 to
1336 3999 1373 4061 τῷ

163 4083 231 4134 xviii.
250 4084 298 4146 15).
792 4084 889 4148 φανερῷ
899 4085 1013 4145 γενέσθαι
1040 4083 1083 4132 He
1094 4091 1212 4132 connects
1223 4083 1272 4130 πᾶν
1285 4082 1372 4145 [ytpl]

200 4181 238 4231 13.
271 4166 357 4216 omneis
377 4165 640 4229 enrhr...occultontur1
669 4167 744 4218 Cited
792 4171 852 4228 φιν.
864 4175 908 4216 not
920 4165 981 4216 with
993 4167 1137 4228 φανεροῦται
1149 4165 1182 4230 (ν.
1195 4167 1243 4229 13),
1254 4165 1299 4214 but
1311 4164 1372 4214 with

164 4250 199 4314 by
211 4247 343 4308 hubenc,
357 4247 402 4298 but
413 4247 508 4312 loosely
519 4248 568 4298 and
579 4249 640 4298 with
649 4248 744 4300 several
792 4252 827 4310 μὴ
838 4251 1026 4313 «reyramnus,
1039 4250 1112 4298 nrt..
1126 4245 1158 4312 (v.
1174 4245 1212 4312 11)
1220 4265 1228 4308 ;
1246 4247 1322 4297 ‘heve
1338 4261 1372 4296 no

164 4329 269 4379 obvious
280 4344 368 4386 mors·
380 4329 491 4394 possibly
502 4329 551 4379 due
566 4329 649 4380 rothe
664 4329 744 4382 editor
793 4331 954 4384 communion
965 4331 1025 4381 with
1041 4331 1084 4381 the
1100 4329 1183 4379 works
1199 4328 1228 4378 ol
1241 4329 1369 4386 darkness,

164 4427 193 4460 or
203 4411 242 4461 his
254 4412 323 4470 MS..
335 4426 391 4477 eg..
404 4419 518 4476 metm
528 4412 660 4478 (iotam).
673 4414 747 4464 aliud
793 4415 839 4465 but
850 4429 883 4463 on
895 4413 938 4464 the
949 4425 1065 4476 contrary
1078 4411 1185 4477 practise
1199 4410 1241 4460 the
1252 4411 1335 4460 works
1346 4409 1377 4460 oi

163 4498 245 4542 autem
263 4493 349 4544 retulit
365 4493 413 4554 (ior
430 4495 466 4544 ad
482 4494 555 4552 r‘tlud.
573 4495 639 4556 dcc),
661 4496 743 4544 marai·
793 4496 866 4561 light,
878 4495 895 4546 i.
903 4509 934 4556 e..
948 4493 983 4544 all
994 4494 1055 4544 such
1067 4493 1149 4543 works
1160 4508 1188 4542 es
1203 4493 1237 4542 do
1251 4499 1296 4542 not
1308 4491 1372 4540 shun

1183 4604 1284 4651 12—2
