3332 5210
188 427 213 493 1.
231 427 362 513 8,-10.]
594 443 635 493 ur
660 443 711 494 aa.
735 444 787 494 nn
810 444 998 498 aruumos.
1030 491 1032 496 .
1333 443 1393 510 127

188 637 274 698 quae
290 616 473 680 secundum
489 631 551 679 nos
566 625 643 680 sunt
658 613 789 680 firmare
811 616 948 704 cupiens
961 638 969 696 ;
993 637 1038 682 ex
1057 615 1177 699 quibus
1192 613 1256 678 hoc
1271 613 1304 677 in
1319 612 1395 676 loco

188 721 360 786 euidenter
375 721 532 802 adposuit
539 732 603 802 per
614 719 806 802 sanguinem
821 719 897 784 eius.

253 823 375 886 deinde
389 823 471 887 dicit
486 832 520 887 et
535 822 623 886 aliud
640 822 747 886 multo
762 820 1015 904 praecellentius
1033 820 1097 888 illis
1116 841 1203 904 quae
1224 821 1394 904 praedicta

189 934 285 989 sunt:

254 1074 290 1138 in
304 1075 395 1139 omni
406 1075 565 1158 sapientia
583 1086 615 1140 et
628 1075 806 1159 prudentia
825 1087 936 1140 notum
954 1076 1044 1141 nobis
1056 1077 1187 1159 faciens
1205 1079 1393 1159 mysterium
1430 1092 1446 1160 5

189 1178 367 1242 uoluntatis
380 1199 464 1256 suae,
478 1179 649 1242 secundum
666 1180 781 1244 bonum
789 1180 948 1262 placitum
963 1180 1050 1262 quod
1052 1181 1220 1264 proposuit
1234 1182 1270 1244 in
1285 1181 1360 1264 ipsa

254 1291 467 1375 †mysterium
483 1295 660 1359 uoluntatis
676 1297 741 1360 Dei
757 1297 838 1365 dicit
855 1297 1086 1361 absconditam
1099 1299 1171 1362 eius
1186 1299 1393 1364 uoluntatem

190 1405 224 1459 et
242 1398 396 1461 omnibus
417 1399 597 1476 incertam;
628 1401 817 1480 mysterium
838 1399 919 1464 illud
941 1421 1073 1478 uocans,
1094 1411 1210 1485 utpote
1233 1403 1394 1468 incertum
1419 1483 1423 1492 ι

191 1499 323 1562 interim
353 1499 508 1563 omnibus
538 1510 616 1564 ante
647 1500 769 1565 Christi
801 1501 923 1566 extahs
952 1505 1143 1569 aduentum.
1198 1506 1287 1586 quod
1315 1526 1394 1588 ergo

191 1603 280 1680 dicit,
305 1602 372 1667 tale
397 1613 466 1669 est:
490 1604 585 1668 ‘olim
614 1604 659 1668 illi
686 1605 847 1688 placitum
874 1615 908 1670 et
932 1608 1200 1689 praeordinatum
1226 1618 1296 1672 erat
1321 1609 1394 1686 hoc,
1410 1623 1452 1670 10

190 1707 373 1788 quodcum
392 1706 498 1770 multa
518 1708 682 1790 sapientia
705 1718 738 1772 et
760 1709 937 1791 prudentia
959 1719 1077 1772 notum
1100 1709 1178 1774 iecit
1200 1711 1314 1775 nobis!
1358 1722 1396 1776 ut

191 1809 290 1886 dicat,
315 1809 412 1891 ‘ipsis
439 1811 589 1873 ostendit
611 1807 747 1874 rebus’*
792 1811 865 1875 uult
888 1801 977 1874 enim
1000 1813 1110 1876 dicere
1131 1814 1290 1894 quoniam
1314 1813 1394 1878 illud

190 1912 281 1994 quod
297 1912 424 1975 dudum
440 1913 469 1975 ei
485 1912 646 1995 placebat,
663 1915 824 1978 incertum
839 1915 973 1978 interim
988 1923 1079 1994 erat3
1098 1917 1187 1999 quod
1203 1917 1300 1980 rebus
1315 1917 1397 2000 ipsis

191 2035 280 2078 nunc
296 2035 371 2078 cum
388 2015 493 2078 multa
508 2016 735 2080 manifestauit
752 2017 915 2099 sapientia
936 2038 995 2099 per
1014 2038 1089 2081 eam
1112 2019 1395 2101 dispensationem

191 2139 293 2202 quam
332 2120 514 2183 secundum
552 2118 722 2184 Christum
760 2119 876 2184 secisse
913 2120 1053 2187 uidetur.
1118 2117 1247 2204 †quare
1284 2132 1448 2205 autem15

191 2219 324 2286 nunci*
1375 2229 1379 2236 '

257 2373 293 2436 in
310 2371 541 2456 dispensatione
554 2373 771 2456 plenitudinis
785 2384 976 2459 temporum..

256 2489 323 2572 †eo
338 2494 427 2574 quod
444 2494 625 2557 secundum
642 2495 792 2558 ordinem
808 2496 921 2560 omnia
939 2496 1124 2579 dispensari
1145 2497 1397 2563 conueniebant.

191 2595 328 2678 quando
354 2615 433 2676 ergo
457 2595 595 2677 impleta
619 2605 696 2658 sunt
720 2605 872 2678 tempora
898 2607 1090 2674 ceterorum,
1112 2606 1191 2661 tunc
1214 2599 1397 2662 secundum

258 2829 421 2912 nrcrriprou
437 2827 493 2901 roi
508 2830 680 2891 oetdnaroc
695 2829 754 2891 τοῦ
770 2825 843 2892 θεοῦ
856 2824 946 2909 λέγει
956 2825 994 2891 τὸ
1005 2822 1398 2912 ἀποκεκρνμρὰιονσθτοῦ
1410 2846 1454 2896 20

192 2925 320 3012 θέλημα
343 2927 399 2993 καὶ
421 2926 542 3008 ἄδηλον
563 2932 630 3000 τοῖς
651 2929 764 2994 πᾶσιν·
785 2927 966 3014 μυστήριον
987 2927 1066 2996 αὐτὸ
1087 2931 1203 2996 achaia.
1224 3001 1229 3007 ,
1247 2927 1327 3015 ὅπερ
1342 2925 1398 2994 οὖν

195 3031 321 3118 (φησίν)
353 3029 519 3119 πόρρωθεν
544 3030 630 3119 αὐτῷ
652 3029 766 3098 δοκοῦν
787 3031 843 3097 καὶ
865 3029 1107 3118 προωρισμένον
1128 3027 1176 3112 ἦν,
1197 3034 1293 3098 τοῦτο
1314 3027 1398 3112 μετὰ

191 3137 322 3216 πολλῆς
337 3138 457 3218 σοφίας
472 3135 524 3200 κοί
542 3133 729 3221 φρονήσεως
745 3133 920 3219 ἐγνώρισεν
933 3133 1019 3215 ἡμῖν·
1037 3133 1089 3199 ἵνα
1108 3132 1194 3217 εἴπῃ·
1219 3129 1270 3198 ἐπ’
1286 3127 1414 3197 αὐτῶν

191 3236 311 3321 ἔδειξεν
324 3240 389 3302 τῶν
402 3235 613 3322 προιγμάτων.

258 3338 319 3404 διὰ·
338 3339 374 3405 τί
396 3337 431 3404 δὲ
460 3342 533 3419 vim
577 3337 618 3404 εἷο
649 3337 824 3404 oixonoru'au
852 3341 908 3416 τοῨ
933 3339 1142 3427 πλκρώιιοτοο
1183 3339 1249 3404 τῶν
1273 3338 1396 3424 κοπρῶν’
1409 3355 1449 3423 25

193 3440 303 3524 ἐπειδὴ
318 3439 402 3508 κατὰ
415 3440 510 3524 τάξιν
524 3439 634 3508 πάντα
649 3440 889 3525 οἰκονομεῖσθαι
904 3440 975 3508 ἔδει.
1020 3437 1072 3506 ὅτε
1087 3437 1142 3505 οὖν
1157 3437 1397 3525 ἐπληρώθησαν

245 3647 255 3681 r
274 3645 325 3680 non
343 3627 399 3694 (sor
414 3625 469 3693 nos)
487 3627 521 3676 H
611 3641 625 3676 a
644 3627 726 3694 posuit
742 3628 777 3677 H
863 3644 895 3679 οο
910 3643 949 3693 sq.
962 3627 1040 3678 Colsl.
1053 3643 1109 3688 σοι,
1123 3626 1140 3678 i.
1156 3640 1186 3691 54
1197 3627 1215 3677 b
1226 3627 1281 3690 [Cr.
1292 3627 1326 3677 vi.
1342 3642 1395 3690 ιιι,

193 3713 236 3763 Fr.
250 3709 407 3777 131-21ral
420 3708 532 3772 θοίδωροι
543 3708 569 3758 δέ
581 3715 665 3770 φησιν·
681 3709 822 3770 μυστήριον,
835 3711 918 3758 κ.τ.λ.

227 3881 249 3930 5.
290 3867 318 3915 in
339 3865 410 3916 omni
429 3873 480 3930 sap.
502 3871 526 3915 et
541 3864 618 3929 pmd.
639 3881 666 3914 n.
690 3881 716 3914 n.
730 3865 770 3929 s.]
852 3881 877 3932 9.
910 3864 977 3930 quod
989 3880 1044 3929 ergo
1059 3864 1117 3914 ιῦοίί
1131 3865 1181 3914 tale
1195 3865 1250 3926 est]
1274 3865 1314 3914 Dr
1330 3865 1398 3916 Hort

192 3945 242 3994 Th.
254 3955 371 3995 connects
386 3946 411 3993 ἐν
425 3943 495 4006 πάσῃ
510 3945 586 4004 σοφίᾳ
601 3945 641 3992 κοί
656 3945 770 4006 φρονήσει
820 3947 943 4010 (Journal
967 3945 998 4012 of
1018 3946 1112 3996 Philol.
1142 3958 1181 3994 ιν.
1206 3962 1229 3996 ο.
1252 3945 1295 3996 xii·
1318 3949 1332 4008 9
1354 3946 1397 3996 vii.

191 4028 318 4089 γνωρίσας.
364 4027 398 4078 So
424 4025 486 4084 also,
510 4025 665 4091 apparently,
689 4025 766 4075 ‘lhdt
819 4043 844 4094 p.
860 4028 917 4091 307)
933 4027 1044 4077 remarks
1060 4027 1114 4076 that
1134 4027 1208 4076 “tale
1223 4034 1257 4076 est
1271 4027 1321 4076 and
1335 4028 1402 4092 quod

191 4109 242 4160 and
271 4110 359 4174 Chrys.
418 4109 474 4159 The
506 4109 579 4160 latter
606 4109 628 4158 is
655 4108 770 4158 doubtful
819 4109 847 4172 [l.
865 4109 904 4170 rr]
918 4109 1156 4174 mustboarbitrary
1167 4109 1298 4160 insertione
1313 4110 1342 4159 os
1356 4110 1399 4160 the

191 4192 304 4242 whether
314 4199 340 4241 to
355 4191 419 4242 refer
434 4193 510 4252 σοφίᾳ
526 4192 566 4240 καί
581 4197 651 4254 φρον.
663 4198 690 4240 to
701 4191 769 4248 God,
819 4190 952 4242 translator
980 4190 1037 4239 who
1058 4189 1103 4239 bas
1126 4190 1326 4241 misunderstood
1355 4192 1397 4244 the

192 4289 221 4325 or
234 4283 260 4324 to
275 4273 317 4323 the
333 4273 406 4331 elect,
417 4273 468 4323 aud
479 4279 597 4339 attempts
612 4281 639 4322 to
654 4272 769 4322 combine
820 4271 1008 4338 punctuation.''
1037 4273 1084 4323 See
1095 4272 1145 4322 Gk.

190 4353 254 4404 both
266 4354 356 4403 views:
373 4355 459 4415 σοφίας
473 4350 501 4413 ἦν
514 4352 593 4412 τοῦτο,
608 4353 770 4414 κσί...σοφοὺο
855 4368 891 4418 ιο
927 4353 1059 4404 secundum
1084 4354 1201 4414 ordinem,
1226 4352 1285 4415 ize]
1318 4353 1395 4404 Thdt.

189 4435 252 4496 ἡμᾶς
268 4436 408 4498 εἰργάσατο.
443 4436 504 4486 Oec.
520 4435 589 4501 gives
606 4435 649 4486 the
658 4435 770 4510 'alterna-
819 4434 890 4500 aptly
906 4449 1035 4498 compares
1057 4433 1114 4484 Gal.
1137 4433 1170 4482 iv.
1191 4452 1214 4496 4.
1250 4433 1299 4482 Tb.
1318 4449 1398 4484 seems

192 4517 259 4580 tive;
276 4517 326 4568 and
337 4533 364 4568 so
376 4517 460 4581 nearly
471 4517 567 4584 Thpht.
820 4523 848 4566 to
857 4513 958 4582 explain
973 4521 1000 4564 to
1014 4511 1116 4563 himself
1127 4512 1168 4564 the
1179 4512 1269 4580 phrase
1281 4513 1313 4562 eis
1323 4515 1395 4562 οίκον.
