3332 5210
190 384 250 450 IV.
267 381 331 470 τι]
595 397 636 449 1u
661 398 715 449 ss.
739 397 791 448 nn
813 396 989 448 unnnms.
1351 397 1389 463 71

254 592 295 635 eo
310 570 401 654 quod
425 569 611 638 intantum
633 573 788 659 passione
812 569 855 636 sit
880 569 995 647 uictus,
1012 578 1050 636 ut
1071 577 1105 634 et
1128 567 1223 653 quasi
1246 569 1392 652 quadam

188 677 304 759 aporia
319 686 479 752 teneatur,
496 697 604 760 neque
620 676 700 760 quid
717 675 896 742 conueniat
911 675 974 739 sibi
988 671 1080 758 loqui
1095 674 1178 738 scire
1193 675 1306 756 possit.

254 777 371 858 quanti
397 788 551 854 oratores,
572 779 607 841 in
634 798 735 841 unum
762 779 941 854 uenientes,
965 785 1023 841 aut
1047 785 1187 840 matrem
1212 774 1392 840 deflentem

189 877 275 944 filios
303 902 382 945 suos
406 890 464 945 aut
488 890 618 965 patrem
650 882 779 946 imitare
810 882 972 960 uolentes,
999 889 1129 944 tantam
1153 880 1393 962 compassionis

189 983 312 1047 molem
331 984 511 1067 aliquando
533 985 601 1048 suis
624 994 782 1067 poterunt
804 983 974 1066 explicare
995 982 1211 1058 sermonibus,
1228 990 1392 1065 quantum
1430 997 1446 1062 5

125 1135 128 1142 ,
189 1085 222 1149 in
249 1089 415 1168 praesenti
442 1089 589 1152 ostendit
615 1086 734 1150 beatus
762 1085 907 1163 Paulus;
952 1082 1112 1149 simulans
1139 1083 1275 1166 quidem
1302 1081 1393 1158 nihil,

143 1238 150 1249 .
187 1187 247 1250 sed
274 1191 457 1254 secundum
484 1189 619 1253 insitum
647 1189 710 1252 sibi
736 1187 892 1251 affectum
920 1207 1020 1269 quem
1051 1206 1130 1269 erga
1159 1206 1217 1250 eos
1246 1185 1393 1250 habebat
1476 1177 1479 1186 ’

189 1289 342 1354 uniuersa
358 1312 521 1355 enarrans.
562 1290 653 1374 quod
669 1290 702 1353 in
727 1288 778 1354 his
802 1289 987 1353 ostendisse
1010 1288 1142 1352 uidetur
1164 1288 1372 1354 sermonibus
1384 1309 1392 1367 ;

188 1383 283 1476 quasi
304 1395 361 1475 qui
383 1405 417 1460 et
441 1395 661 1477 ingemiscens
686 1401 719 1458 et
743 1413 818 1457 cum
844 1391 993 1456 lamento
1017 1391 1155 1472 deflens,
1180 1402 1215 1456 et
1238 1393 1393 1475 passione

189 1497 306 1573 uictus,
333 1498 499 1581 simulque
522 1507 556 1562 et
580 1507 768 1581 protractus
793 1497 836 1561 ab
861 1497 927 1560 illis
946 1495 1027 1560 solis
1051 1517 1138 1579 quae
1164 1497 1227 1560 sibi
1251 1496 1393 1561 deceant
1411 1517 1450 1573 10

188 1602 321 1665 retineri
358 1603 499 1665 uidetur.
544 1611 578 1666 et
608 1610 744 1684 propter
772 1599 837 1665 hoc
873 1609 994 1684 optans
1024 1601 1068 1665 ad
1099 1600 1172 1666 illos
1203 1600 1325 1678 uenire,
1356 1609 1393 1666 ut

189 1707 301 1770 omnia
323 1705 378 1770 illa
401 1704 554 1789 impleret
569 1726 656 1788 quae
678 1705 742 1769 sibi
764 1705 876 1789 passio
899 1703 968 1768 fieri
991 1705 1210 1788 suggerebat;
1234 1705 1392 1788 quoniam

189 1811 322 1876 abunde
352 1810 489 1874 delleuit
515 1810 802 1894 transductionem
829 1829 944 1872 eorum
971 1809 1004 1872 in
1030 1809 1175 1874 deterius
1199 1809 1332 1886 saetam,
1359 1819 1393 1874 et

189 1912 264 1977 illos
285 1933 453 1978 sermones
477 1934 560 1996 quos
582 1915 616 1976 in
640 1911 822 1997 primordio
845 1911 993 1976 duriores
1018 1910 1108 1975 uisus
1129 1911 1237 1976 luerat
1258 1910 1394 1988 dixisse,

189 2016 316 2080 curauit
346 2015 553 2092 sufficienter,
578 2016 717 2079 uertitur
744 2015 864 2079 iterum
891 2014 936 2079 ad
962 2013 1063 2078 uerba
1089 2035 1176 2098 quae
1199 2013 1229 2077 ei
1256 2034 1332 2077 cum
1358 2033 1447 2102 re15

188 2125 344 2200 poterant
358 2138 560 2201 coaequare:

253 2259 349 2325 dicite
362 2261 448 2326 mihi
455 2283 467 2325 .·
482 2261 541 2346 qui
552 2259 611 2325 sub
625 2260 691 2344 lege
704 2258 805 2324 uultis
819 2280 890 2335 esse,
907 2259 1005 2344 legem
1020 2278 1084 2322 non
1098 2255 1266 2324 andater?

253 2378 369 2462 †bona
392 2384 435 2446 ad
452 2382 527 2446 illos
542 2381 630 2446 lacta
651 2391 701 2447 est
725 2381 898 2444 conuersio
914 2380 1102 2460 uerborum,
1119 2388 1152 2445 et
1173 2378 1308 2463 qualem
1324 2377 1394 2443 fieri

188 2486 409 2548 conueniebat
432 2484 476 2549 ab
501 2505 541 2547 eo
565 2483 621 2566 qui
648 2483 746 2546 rebus
770 2482 850 2566 ipsis
875 2482 983 2547 luerat
1007 2483 1184 2564 incitatus3
1205 2502 1266 2566 per
1280 2482 1395 2546 omnia

188 2591 311 2654 etenim
334 2589 416 2653 haec
438 2588 569 2652 uidetur
591 2587 764 2672 apostolus
788 2587 833 2652 ob
855 2595 1089 2668 usurpatorum
1106 2587 1189 2651 iram
1205 2585 1395 2668 frequentes
1409 2605 1452 2654 20

188 2694 351 2758 dictorum
373 2692 534 2756 sustinere
554 2691 808 2755 mutabilitates.
853 2698 887 2752 et
912 2688 1015 2752 modo
1039 2689 1176 2772 quidem
1202 2687 1396 2770 indignatur

187 2797 346 2861 aduersus
362 2795 431 2873 hos,
447 2795 550 2860 modo
571 2816 649 2858 uero
668 2794 828 2859 aduersus
844 2793 940 2870 illos;
963 2814 1024 2876 pro
1042 2794 1115 2858 aliis
1136 2814 1216 2858 uero
1238 2803 1272 2859 et
1293 2793 1395 2872 dolet,

253 3049 339 3132 καλὴ
358 3047 393 3115 δὲ
416 3048 471 3115 καὶ
494 3045 515 3130 ἦ
537 3047 617 3136 πρὸς
644 3048 779 3119 ἐκείνους
808 3043 1003 3134 ἀποστροφὴ
1028 3047 1092 3111 τῶν
1113 3042 1230 3130 λέγων·
1256 3041 1311 3109 διά
1331 3042 1396 3132 γάρ

188 3153 320 3221 πάντων
352 3151 502 3240 φαίνεται
536 3150 553 3215 d
588 3149 775 3222 ἀπόστολος
808 3147 872 3216 ὑπὸ
905 3153 964 3232 τῆς
996 3151 1062 3214 τῶν
1093 3145 1270 3231 γεγονότων
1299 3145 1397 3232 ὀργῆς

188 3261 335 3346 συνεχεῖς
350 3255 407 3328 τάς
428 3253 614 3338 μεταβολὰς
636 3253 815 3342 δεχόμενος,
838 3253 893 3318 καὶ
917 3251 957 3318 τά
980 3252 1039 3335 μὲν
1061 3251 1140 3338 πρὸς
1162 3249 1294 3323 τούτους
1317 3249 1395 3335 σ’κγσ·
1409 3268 1448 3336 25

189 3363 323 3438 νυκτῶν,
338 3357 380 3425 τά
395 3358 429 3424 δὲ
444 3357 524 3446 πρὸς
539 3357 683 3438 ἐκείνους,
700 3357 737 3423 τά
751 3355 785 3422 δὲ
799 3356 856 3423 καὶ
872 3355 985 3442 ἀλγῶν
1004 3353 1046 3428 ὥς
1062 3355 1116 3422 ἐπὶ
1132 3357 1251 3429 τέκνοις
1267 3356 1397 3424 ἀπολω-

240 3527 462 3589 rtantafllcorr)
502 3525 736 3592 4lmitariClcorr)
750 3525 754 3592 1
770 3527 942 3592 compassione
956 3527 994 3578 C*
1036 3527 1256 3591 7insitumomH
1297 3546 1327 3582 ιο
1342 3531 1397 3583 solo

189 3609 296 3674 Clcorr)
371 3625 397 3660 11
417 3610 555 3663 retinerec
563 3610 596 3664 H
667 3608 830 3672 14lueritH
900 3621 928 3672 17
946 3609 1040 3675 legistis
1051 3611 1237 3676 (soraule
1297 3631 1326 3666 ar
1345 3617 1396 3667 dic·

187 3701 269 3744 torum
280 3709 320 3743 om
331 3692 364 3743 H
426 3707 456 3755 ²3
464 3707 501 3757 sq.
514 3692 591 3742 Coisl.
603 3705 658 3754 ουκ,
666 3691 683 3741 l.
695 3705 726 3756 34
737 3707 753 3740 a
764 3691 817 3754 [Cr.
832 3690 866 3740 vi.
877 3689 919 3753 68,
932 3692 973 3742 Fr.
992 3693 1056 3756 ¹²71·
1090 3691 1204 3758 θεάδωρος
1215 3697 1324 3762 (marg.).

947 3801 956 3838 t

221 3869 244 3918 3.
279 3857 400 3905 inunum
412 3854 541 3917 uetu'entes]
575 3854 643 3904 Pitra
660 3859 768 3902 corrects
817 3853 865 3916 plu,
884 3851 914 3903 ὡς
931 3853 990 3902 ὅταν
1007 3853 1032 3902 ἐν
1048 3853 1082 3914 τῇ
1097 3851 1156 3916 πρὸς
1172 3851 1286 3905 Γαλάτας
1302 3853 1397 3919 φάσκῃ·

187 3939 298 3990 inarum
309 3957 375 4000 uem,
389 3939 434 3989 but
446 3939 646 4003 uuneeessarily3
663 3939 713 3989 and
725 3939 767 3989 the
818 3932 905 3994 λέγετέ
922 3949 970 3990 μοι,
989 3935 1074 3991 κ.τ.λ.;
1093 3932 1146 3982 also
1164 3932 1253 3997 Chrys.
1270 3933 1306 3983 ud
1321 3934 1345 3985 h.
1366 3935 1395 3986 t:

187 4024 292 4088 reading
307 4025 336 4074 ot'
351 4025 391 4073 his
408 4009 464 4074 MS.
484 4023 506 4072 is
523 4023 660 4072 confirmed
678 4023 713 4087 by
730 4023 766 4073 H.
818 4015 888 4074 νόμον
908 4015 934 4063 δὲ
953 4013 1056 4064 ἕνῑῦῦθῠ
1075 4012 1104 4062 *ὅ
1120 4016 1218 4078 βίβλων
1235 4015 1279 4074 Τῆϊ
1298 4015 1398 4067 ‘†th

187 4104 260 4155 Alter
271 4103 436 4166 curarutsuff.
446 4104 473 4164 (l.
489 4105 536 4165 15),
549 4103 593 4156 tho
604 4103 679 4152 Cani.
693 4102 767 4151 omits
819 4097 897 4145 καλεῖ·
922 4096 983 4158 άπερ
1000 4092 1118 4146 πολλάκις
1136 4099 1208 4157 ποιεῖ,
1227 4095 1274 4157 τήν
1291 4100 1398 4147 tataros

187 4185 230 4234 the
241 4183 324 4234 clause
335 4183 609 4247 uertitur...coaequure.
645 4183 671 4234 It
681 4197 768 4232 occurs
819 4181 917 4229 άτσσαν
927 4179 1001 4229 οὕτως
1012 4178 1140 4243 ὀνομάζων.
1157 4181 1266 4243 Legistu,
1276 4179 1396 4230 theread·

187 4265 214 4314 in
225 4265 287 4314 both
299 4265 378 4315 MSS.
818 4263 862 4328 ing
873 4263 902 4312 ol
913 4263 956 4312 the
973 4262 1069 4326 Harley
1081 4263 1150 4320 MS„
1162 4262 1183 4311 is
1194 4262 1321 4312 doubtless
1333 4262 1397 4312 srom

223 4359 261 4410 17.
285 4346 562 4411 legemnonaudistisl]
588 4347 629 4398 On
638 4346 688 4396 this
697 4361 768 4396 sense
819 4345 861 4395 the
872 4345 957 4408 Vulg„
974 4344 1057 4394 where
1075 4344 1093 4394 it
1110 4352 1249 4410 represents
1266 4342 1396 4410 άνσγινώσ-

187 4429 218 4480 ol
231 4429 244 4480 ά
256 4429 334 4490 νόμον,
344 4445 427 4496 comp.
441 4430 513 4482 Tb.’s
528 4446 618 4480 comm.
639 4445 673 4479 on
691 4429 764 4479 Rom.
818 4443 872 4476 rere
884 4427 919 4489 (D
932 4427 954 4475 E
967 4427 988 4476 F
1001 4425 1042 4490 G).

188 4509 212 4560 i'u
229 4524 275 4572 ²⁵²
293 4510 393 4574 λέγεται
404 4510 473 4570 νόμος
484 4511 523 4560 καὶ
535 4510 551 4571 ἡ
565 4511 686 4560 Morietur
704 4511 767 4558 Ιστο·
