3292 5206
150 357 256 441 1.16.]
518 372 559 422 nr
584 373 635 424 er.
658 374 709 424 so
732 373 991 426 cocossensas.
1290 364 1352 444 267

146 563 280 606 carnem
303 553 354 608 est
377 543 536 623 Christus,
558 556 592 611 et
615 555 766 630 tempore
788 549 1029 630 primogenitus
1052 547 1173 612 dicitur
1194 550 1354 614 ueraciter
1405 571 1409 582 ·

139 645 249 710 totius
267 655 438 711 creaturae
460 669 546 730 quae
570 650 603 710 in
627 649 721 713 illum
743 649 831 714 lacta
852 658 912 728 est,
933 650 1062 733 deque
1087 653 1205 716 beatus
1231 653 1353 718 Paulus

145 743 209 810 hoc
232 746 266 808 in
289 746 363 811 loco
386 748 519 812 uidetur
539 751 673 815 dixisse.
718 751 807 814 unde
830 759 864 814 et
887 751 967 816 illud
994 753 1084 836 quod
1107 753 1214 817 dixit:
1228 756 1354 835 prima-

140 848 273 930 genitus
295 851 393 915 tatius
409 863 574 917 creaturae
595 854 814 936 interpretans
833 855 974 920 adiecit:

211 1003 362 1082 quoniam
383 1004 419 1067 in
441 1005 506 1090 ι’φςο
522 1017 630 1069 creata
651 1017 730 1070 sunt
749 1007 869 1073 amnia.
1390 1014 1405 1082 5

212 1135 307 1220 †non
326 1142 414 1206 dixit
424 1155 488 1225 per
504 1143 617 1225 ipsum,
633 1144 691 1207 sed
714 1142 749 1206 in
772 1143 846 1224 ipso.
891 1163 951 1208 nec
972 1143 1061 1208 enim
1082 1142 1125 1207 de
1144 1144 1251 1228 prima
1272 1144 1354 1210 dicit

147 1248 306 1320 creatura,
319 1244 380 1314 sed
399 1244 491 1310 illam
512 1256 681 1309 creaturae
705 1245 947 1328 reparationem
968 1266 1054 1327 quae
1075 1245 1106 1308 in
1129 1266 1169 1308 eo
1184 1244 1272 1309 facta
1293 1255 1352 1324 est,

146 1348 330 1411 secundum
360 1369 461 1431 quam
492 1350 605 1414 omnia
635 1349 761 1414 dudum
790 1348 952 1414 dissoluta
976 1349 1009 1410 in
1040 1367 1141 1412 unum
1172 1357 1249 1412 sunt
1275 1369 1354 1412 con·

147 1469 281 1514 sensum
305 1451 484 1532 perducta;
508 1453 604 1517 sicuti
630 1463 665 1516 et
694 1451 773 1516 alibi
803 1451 904 1516 dicit:
940 1451 1150 1532 recapitulare
1178 1452 1288 1516 omnia
1317 1454 1353 1518 in

150 1549 287 1628 Clrrr'sta,
303 1573 383 1634 quaa
406 1553 441 1616 in
461 1553 556 1618 caelas
577 1563 656 1618 sunt
672 1563 705 1616 at
723 1573 804 1636 quaa
824 1564 920 1636 super
938 1556 1092 1618 terram!
1370 1579 1410 1626 10

213 1665 349 1736 propter
363 1654 536 1718 hominum
552 1657 675 1720 etenim
692 1655 855 1719 malitiam
867 1657 984 1732 omnis,
997 1666 1034 1720 ut
1045 1657 1092 1720 ita
1102 1655 1254 1732 dixerim,
1264 1677 1354 1724 crea·

147 1767 222 1822 tura
238 1757 399 1841 disrumpi
416 1759 598 1823 uidebatur.
643 1758 840 1822 auertebant
858 1759 946 1822 enim
968 1780 1004 1824 se
1026 1780 1046 1824 a
1069 1760 1165 1828 nobis
1188 1761 1297 1843 angeli
1319 1771 1354 1828 et

213 1934 272 2004 oria
293 1935 382 2004 εἶπεν
404 1937 448 2003 δι’
470 1939 595 2015 αὐτοῦ,
618 1935 695 2004 ἀλλ’
718 1939 754 2002 ἑτι
771 1936 865 2022 einp·
888 1936 924 2002 οὗ
946 1935 1008 2024 γὰρ
1031 1935 1090 2018 τὴν
1111 1936 1245 2023 πρώτην
1262 1936 1353 2022 λέγει

148 2043 261 2124 κτίσιν,
285 2038 377 2106 ἀλλὰ
400 2041 457 2120 τὴν
473 2039 506 2104 ἐν
528 2038 617 2128 αὐτῷ
639 2038 810 2121 γενομένην
833 2035 1013 2118 ἀνάκτισιν,
1030 2037 1102 2104 καθ’
1126 2035 1165 2120 ἣν
1186 2039 1230 2105 τὰ
1245 2039 1354 2106 πάντα

148 2139 364 2224 διαλελυμένα
393 2141 437 2213 εἰς
466 2141 659 2228 συμφωνίαν
680 2140 769 2228 ἤχθη
799 2140 884 2224 μίαν,
910 2139 953 2210 ὥς
977 2141 1030 2208 καὶ
1061 2140 1213 2230 ἀλλαχοῦ
1242 2141 1353 2228 φησίν·
1370 2159 1405 2228 15

147 2246 466 2324 ἀνακεφαλαιώσασθαι
481 2248 518 2312 τί
541 2248 641 2315 πάντα
656 2245 692 2312 ἐκ
710 2245 835 2332 Χριστῷ,
851 2249 937 2312 nire
953 2245 989 2314 ἐν
1006 2243 1070 2314 roic
1086 2244 1229 2333 or'panoic
1250 2244 1293 2312 nai
1317 2249 1354 2311 ra*

142 2345 200 2416 ¹e'ni
217 2357 274 2414 τῆς
291 2355 354 2424 τίει.

199 2529 209 2562 r
228 2519 265 2562 est
276 2528 314 2562 orn
324 2512 358 2561 H
455 2531 471 2574 4
488 2512 563 2562 adicit
578 2511 600 2561 C
631 2511 702 2561 addit
714 2527 730 2560 r
844 2523 857 2573 7
875 2510 1059 2574 separationem
1073 2509 1108 2560 C*
1120 2512 1155 2560 H
1160 2529 1176 2562 r
1283 2529 1300 2580 9
1316 2529 1353 2563 re·

145 2593 304 2658 capitularir
432 2607 459 2655 13
472 2608 508 2657 sq.
528 2592 604 2642 Coisl.
621 2591 705 2652 roal
724 2591 769 2654 146
780 2591 798 2639 b
809 2591 862 2653 [Cr.
877 2592 911 2640 vi.
925 2593 979 2656 30⁸·
995 2591 1038 2640 Fr.
1052 2591 1109 2654 rar]
1143 2592 1256 2654 θεθδωρος
1271 2594 1298 2641 δέ
1314 2595 1354 2642 καί

146 2677 236 2734 ταύτην
247 2673 394 2734 πλημμελῶς
404 2673 528 2734 ἐξηγεῖται
538 2674 583 2732 τὴν
593 2673 664 2735 ῥῆσιν
675 2671 783 2732 φθσκων·
801 2674 843 2719 οὐκ
855 2671 929 2730 εἶτεν,
944 2672 1123 2722 κ.τ.λ.......θτι
1133 2673 1159 2721 θέ
1171 2675 1249 2722 ταῦτα
1261 2675 1355 2726 ταθλον

146 2757 191 2804 τοθ
201 2756 356 2814 ααμοαατέινς
367 2755 442 2815 φησίν
453 2755 513 2802 εἶναι
524 2753 537 2804 6
547 2755 663 2815 μακάριος
674 2753 780 2812 ίαθννης,
792 2752 929 2814 φθάσαντες
940 2753 1099 2814 παρεθέμεθα.

148 2907 217 2967 view,
242 2906 357 2970 Amplil.
383 2903 441 2954 162:
459 2901 501 2964 τῆς
520 2901 724 2963 ἀνακαινισθεέσηι
775 2903 881 2964 Sachau,
895 2919 921 2970 p.
936 2914 1009 2964 ,υ
1023 2903 1082 2970 (14),
1094 2905 1143 2956 and
1160 2906 1202 2960 the
1215 2922 1306 2957 comm.
1320 2923 1353 2958 on

145 2990 244 3040 κτίσεως
268 2989 339 3048 λέγει
363 2984 513 3049 τρατθτοκον
540 2983 582 3034 τθν
608 2984 721 3048 Χριστόν.
775 2985 817 3034 the
835 2993 886 3035 text
904 2986 981 3051 (Eph.
996 2988 1013 3035 i.
1032 2988 1071 3046 ro)
1089 2994 1116 3036 to
1130 2987 1212 3037 which
1228 2987 1260 3038 he
1277 2989 1352 3040 refers

147 3073 241 3136 Meyer,
259 3069 324 3119 from
341 3069 424 3118 whom
442 3069 455 3118 1
473 3069 571 3118 borrow
590 3068 633 3118 the
652 3067 723 3118 reser-
772 3064 823 3129 just
834 3067 923 3128 below,
938 3069 1020 3120 where
1032 3084 1072 3118 see
1084 3077 1164 3118 notes.

146 3167 207 3202 enee
224 3161 251 3202 to
272 3152 327 3209 Ph.,
346 3150 456 3200 remarks
474 3151 527 3200 that
544 3151 587 3199 the
606 3149 724 3200 Socinian
807 3162 832 3212 9·
860 3150 1031 3214 recapitulare]
1066 3149 1167 3217 Scep.
1199 3152 1253 3206 128,
1281 3150 1298 3200 l.
1327 3150 1352 3208 6,

145 3235 304 3298 interpreters
322 3231 407 3282 follow
426 3232 560 3281 Theodore
580 3231 675 3288 herein,
696 3247 724 3281 as
774 3239 842 3278 note.
861 3231 929 3292 Quae
939 3239 1012 3294 super
1022 3239 1115 3280 terram
1131 3229 1171 3294 (τὰ
1181 3232 1220 3279 ἐπί
1231 3229 1274 3291 τῆς
1284 3227 1352 3296 γῆς);

145 3315 202 3363 well
224 3329 251 3364 as
271 3313 297 3363 in
316 3313 513 3376 understanding
532 3309 680 3374 πρωτότοκος
699 3309 728 3360 ot'
774 3325 803 3359 so
816 3309 927 3372 lren.¹¹¹‘·,
940 3313 1061 3362 Victorin.
1088 3312 1178 3362 Above
1190 3311 1225 3376 (p.·
1240 3315 1295 3376 128)
1307 3329 1352 3364 our

144 3396 234 3460 simple
245 3394 426 3460 preeminence.
775 3391 906 3441 translator
924 3392 1021 3442 follows
1044 3393 1086 3442 the
1106 3393 1182 3458 Vulg.
1205 3393 1304 3460 (“qune
1326 3395 1352 3446 in

177 3493 200 3542 5·
229 3478 325 3539 omnia]
361 3477 437 3542 Vulg.
446 3477 565 3526 uniuersa
577 3473 616 3536 (ni
626 3473 723 3536 πάντα).
774 3470 876 3536 καθ’).

176 3561 201 3612 6.
234 3577 285 3610 non
318 3560 387 3608 dixit
421 3561 479 3623 ‘per
505 3555 604 3621 {tsnmss
631 3557 673 3606 sed
696 3557 723 3607 in
809 3566 846 3600 n.
880 3553 1022 3602 αιιενίκθσειι
1037 3555 1152 3611 mirare,
1169 3554 1226 3616 dre]
1260 3555 1352 3620 Comp.

143 3643 209 3709 ipro]
248 3643 344 3707 Thpht.
366 3657 400 3692 on
422 3641 465 3690 the
485 3649 617 3704 contrary:
644 3638 674 3688 τὸ
694 3641 724 3688 έν
773 3632 844 3683 Th's
860 3650 951 3684 comm.
969 3650 1002 3684 on
1020 3635 1096 3685 Rom.
1113 3635 1165 3685 viii.
1186 3651 1214 3700 ¹9
1234 3635 1309 3698 (cited
1325 3637 1352 3687 in

145 3722 220 3786 αὐτῷ
249 3722 301 3772 ἀντί
332 3719 378 3771 τοῦ
406 3720 451 3770 ’δι’
478 3718 567 3782 αὖτοῦ,’
595 3722 625 3772 ὡς
653 3719 723 3772 oriris
773 3723 829 3779 Part
845 3716 925 3766 above
947 3733 973 3781 P·
994 3731 1047 3781 129,
1069 3717 1087 3766 l·
1108 3717 1245 3780 14‚n0te):
1268 3715 1353 3778 έπθῑδῆ

142 3801 229 3866 ἐφεξῆς
250 3804 470 3866 letter-referring
491 3811 518 3852 to
539 3800 570 3851 τὰ
591 3800 671 3852 πάντα
693 3803 723 3852 δι’
774 3795 881 3858 ῐῦΡῦβᾶ*
894 3794 977 3855 θνητὸς
990 3797 1087 3857 ‘tim
1099 3793 1351 3858 ὄίᾶτῆθᾶῐῡφέθέωί

143 3881 216 3934 αὐτοῦ
242 3885 348 3933 ἔκτισται
370 3883 460 3942 below,
484 3883 567 3933 where
589 3899 630 3933 see
652 3883 723 3933 Th's
773 3878 939 3943 ἐχωρίζετθτε
953 3877 982 3928 dr
997 3877 1220 3941 είκθςὴψνχὴτοῦ
1232 3877 1348 3940 σώματος,

143 3972 269 4016 comment
289 3965 339 4014 and
361 3973 429 4014 note.
470 3963 640 4027 Consistently
661 3965 722 4014 with
772 3963 811 4008 καί
828 3959 842 4008 ὁ
862 3963 1008 4022 μηχανηθείς
1031 3959 1070 4009 θεὰ
1089 3959 1133 4009 τοῦ
1153 3958 1275 4024 α’νθριθτον
1295 3959 1350 4009 σύν-

144 4048 185 4098 the
198 4046 342 4096 distinction
354 4045 436 4094 which
451 4045 483 4094 he
498 4045 556 4094 here
571 4045 660 4102 draws,
672 4045 721 4094 Th.
773 4043 857 4100 θεσμος
884 4041 927 4103 τῆς
953 4043 1051 4094 κτίσεως
1079 4042 1193 4092 διελύετο·
1220 4043 1296 4105 τούτῳ
1318 4042 1355 4106 τῷ

144 4129 230 4194 rejects
248 4129 290 4178 the
306 4127 445 4177 connexion
463 4123 478 4177 θ
494 4127 596 4189 γέγονεν
614 4129 640 4176 ἐν
659 4123 725 4188 ου’τῷ
771 4122 1086 4189 τρθτῳέσκυθρῶταζον
1098 4127 1239 4185 αίνοηταί
1251 4124 1350 4186 φύσεις

143 4213 169 4264 in
181 4213 209 4263 S.
220 4211 287 4276 John
299 4211 316 4260 i.
330 4227 344 4274 3
356 4209 398 4272 (cf.
411 4209 506 4274 Migne,
520 4206 586 4274 729).
772 4207 812 4253 έτί
825 4207 874 4255 τοῖς
886 4208 1035 4269 γιγνομένας
1038 4244 1096 4256 ......
1100 4205 1131 4256 ὠς
1145 4207 1171 4255 δέ
1186 4208 1225 4258 καί
1238 4203 1281 4255 τοῦ
1294 4223 1350 4269 xpo-

177 4305 199 4356 7.
228 4291 406 4355 reparatarum
427 4290 536 4354 quaein
553 4289 660 4353 ναίοντα
676 4289 721 4351 est]
770 4306 812 4338 νου
823 4288 946 4350 τροΐθντος
959 4291 980 4338 οί
993 4286 1094 4348 καθεξῆς
1108 4291 1228 4352 θνθρωτοι
1240 4287 1351 4349 μειζόνως

142 4374 193 4424 For
214 4373 344 4438 reparatio,
366 4387 407 4421 see
429 4373 494 4420 lexx.
513 4387 533 4419 s.
542 4387 583 4431 v.;
610 4372 660 4421 and
683 4371 721 4421 ior
770 4372 811 4419 έτί
838 4369 867 4424 τθ
894 4374 974 4434 χεΐρον
1002 4373 1171 4434 προβαίνοντες
1198 4373 1351 4433 ἐνέσφιγγον

143 4453 213 4506 Th.'s
234 4453 347 4504 doctrine
366 4451 395 4502 ot'
415 4451 457 4502 the
479 4467 534 4502 new
556 4452 665 4504 creatlon
688 4453 718 4503 ct'.
771 4454 861 4504 ἑαυτοῖς
879 4450 922 4502 τοῦ
939 4455 1043 4503 θανάτου
1061 4451 1104 4514 την
1120 4450 1250 4515 ἀπόφασιν,
1270 4451 1352 4502 πάντα
