3332 5210
164 398 203 463 V.
226 400 371 485 18-21.]
577 415 619 465 m
644 415 696 466 nn
720 415 770 466 nn
793 415 970 467 annuens
1328 419 1372 484 99

164 581 295 646 futurae
325 585 415 647 uitae
444 585 654 668 consistunt),
684 606 786 668 quam
814 585 935 650 imitari
960 605 1017 650 eos
1043 585 1226 650 secundum
1252 587 1370 649 uirium

165 684 363 766 qualitatem
391 689 615 770 inpraesenti
646 689 804 753 conuenit
837 690 914 752 uita.
959 689 1082 754 deinde
1112 710 1158 753 ex
1196 687 1260 752 illis
1290 689 1371 771 ipsis
1413 736 1423 748 .

165 791 268 855 etiam
285 792 392 854 omnis
408 794 569 856 sermonis
584 793 780 878 comprobat
796 794 1023 876 propositum:

230 952 264 1016 si
275 962 383 1016 autem
401 952 531 1035 Spiritu
546 953 712 1030 ducimini,
729 974 791 1016 non
806 953 883 1016 estis
896 953 955 1017 snb
971 954 1041 1036 lege.

233 1088 295 1152 ‘ad
325 1087 462 1172 plenum
495 1087 626 1173 (inquit)
659 1089 844 1152 secundum
876 1088 933 1152 illa
965 1090 1086 1166 uiuitis,
1119 1110 1180 1153 nec
1209 1088 1370 1175 sublege
1408 1106 1423 1171 5

167 1191 254 1255 ultra
284 1213 344 1256 uos
376 1193 489 1257 uiuere
518 1202 570 1257 est
597 1192 772 1276 possibile!
817 1194 945 1276 optime
977 1195 1010 1256 in
1040 1194 1074 1257 id
1105 1194 1202 1277 ipsud
1233 1204 1372 1278 utraque

166 1295 294 1379 colligit
320 1317 365 1361 ex
388 1296 451 1360 illis
474 1318 561 1381 quae
583 1298 626 1361 ab
650 1297 715 1362 illis
738 1298 967 1375 credebantur,
990 1297 1080 1380 quod
1105 1319 1171 1361 non
1194 1298 1371 1363 conueniat

167 1419 224 1462 eos
256 1419 400 1481 peccare,
431 1421 539 1484 neque
566 1402 629 1464 sub
659 1401 733 1483 lege
764 1423 844 1465 esse.
883 1421 961 1464 nam
989 1398 1146 1463 mortales
1176 1409 1210 1464 et
1234 1422 1372 1484 peccare

167 1509 316 1582 possunt,
343 1511 378 1564 et
402 1501 510 1584 legem
545 1501 672 1566 habent
699 1504 917 1567 necessariam
956 1523 1043 1585 quae
1073 1501 1147 1566 illos
1177 1524 1197 1566 a
1234 1513 1372 1586 peccato

167 1604 272 1684 possit
296 1604 470 1685 prohibere
482 1625 490 1684 ;
522 1605 688 1689 superflua
710 1627 788 1670 uero
813 1616 953 1689 utraque
980 1607 1180 1671 uidebantur
1199 1629 1278 1691 erga
1298 1607 1372 1672 illos
1391 1626 1430 1674 10

167 1707 224 1787 qui
251 1717 285 1771 et
311 1728 332 1771 a
356 1717 462 1772 morte
486 1717 564 1772 sunt
589 1712 703 1785 securi,
729 1719 763 1774 et
790 1733 927 1794 peceare
958 1712 1094 1776 ulterius
1125 1733 1192 1776 non
1223 1725 1372 1796 possunt.

168 1807 290 1872 deinde
305 1817 339 1874 et
356 1811 526 1875 euidenter
542 1821 719 1896 utrumque
735 1813 778 1877 ab
793 1813 953 1879 alterutro
967 1824 1108 1898 separat,
1126 1816 1261 1881 dicens:

234 1967 410 2050 manifesta
432 1979 539 2034 antem
564 1981 642 2034 sunt
674 1983 767 2054 opera
792 1973 923 2048 carreis,·
958 1983 1138 2056 quaesunt
1165 1974 1374 2047 adulterium.

160 2067 350 2150 sentientia,
381 2072 602 2150 immunditia,
630 2074 843 2156 impudicitia,
865 2073 1023 2139 idolorum
1045 2077 1194 2152 seruitus,
1217 2076 1374 2159 ueneficio.

170 2171 367 2252 inimicitiae,
391 2177 607 2254 contentiones,
630 2178 865 2255 aemulationem,
883 2181 1131 2260 prouocationes,
1157 2180 1375 2258 dissensiones,
1393 2199 1428 2265 15

168 2275 318 2356 haereses,
349 2281 503 2360 inuidiae,
539 2281 722 2360 homicidia,
758 2281 933 2362 ebrietates,
970 2285 1214 2363 comessationes,
1257 2295 1289 2349 et
1323 2286 1376 2349 leis

167 2382 303 2447 similia

236 2537 393 2619 quoniam
411 2558 477 2601 non
493 2537 578 2602 sicut
593 2538 729 2621 quidam
745 2536 986 2602 haereticorum
1003 2540 1289 2616 existimauerunt,
1306 2560 1376 2604 car-

171 2657 247 2702 nem
259 2648 411 2703 naturam
424 2650 571 2704 nostram
583 2641 654 2703 uult
667 2642 787 2719 dicere,
799 2641 937 2704 euidens
950 2649 1008 2704 est.
1032 2662 1108 2704 nam
1123 2651 1157 2705 et
1168 2642 1375 2706 inimicitiam

171 2751 204 2804 et
221 2742 383 2807 idolorum
400 2743 563 2807 culturam
580 2754 613 2809 et
635 2745 794 2807 inuidiam
811 2754 845 2808 et
861 2747 943 2808 iram
960 2754 993 2809 et
1009 2746 1074 2809 alia
1086 2767 1171 2829 quae
1186 2746 1375 2811 huiusmodi
1391 2768 1433 2815 20

170 2859 256 2925 sunt,
281 2851 387 2913 carnis
413 2869 485 2913 esse
515 2850 622 2928 dixit,
657 2870 744 2932 quae
769 2849 940 2932 passiones
965 2849 1066 2913 solius
1091 2851 1222 2914 animae
1252 2851 1377 2933 perspi·

171 2971 232 3014 cue
257 2971 328 3014 esse
353 2951 515 3016 uidentur.
560 2952 640 3016 dicit
661 2959 774 3016 autem
796 2953 954 3034 quoniam
983 2952 1196 3017 manifestata
1216 2961 1294 3016 sunt
1320 2950 1377 3016 illa

170 3053 314 3137 quaein
338 3063 457 3119 natura
477 3055 609 3120 mortali
628 3057 742 3140 peragi
764 3065 913 3140 possunt.
960 3060 1063 3140 ‘quae
1085 3057 1165 3122 illa?
1209 3056 1266 3120 illa
1285 3077 1372 3141 quae

170 3155 361 3239 praedixi:'

219 3354 236 3406 ⁶
252 3355 278 3407 in
289 3373 328 3407 om
340 3357 373 3407 H
468 3359 506 3418 18,
523 3373 552 3424 ¹9
568 3375 628 3419 non,
643 3365 756 3408 naturam
767 3373 807 3406 one
819 3357 853 3407 H
943 3372 972 3406 ar
992 3356 1089 3406 animae
1100 3373 1139 3406 ons
1151 3357 1185 3406 H
1261 3373 1291 3406 aa
1309 3357 1377 3422 qnod

171 3435 227 3504 (sm
237 3441 322 3504 quon)
334 3440 367 3488 H
376 3437 380 3504 Ι
395 3455 446 3490 non
459 3440 611 3504 (besmanis.)
623 3439 675 3489 add
686 3438 722 3489 C*
830 3516 832 3520 Ι
848 3452 879 3502 23
896 3438 1014 3488 mortales
1024 3439 1058 3487 H
1068 3435 1072 3502 Ι
1086 3454 1149 3503 quae
1161 3437 1229 3488 illam
1244 3437 1279 3487 C*

207 3634 245 3669 sa.
272 3625 359 3668 utrum
374 3619 405 3669 ab
420 3621 547 3682 alemano]
580 3621 624 3671 On
639 3621 689 3670 this
706 3635 749 3670 nse
835 3621 871 3669 18.
910 3617 972 3667 siml
991 3617 1093 3682 qnidam
1114 3617 1298 3679 homanorum]
1329 3617 1378 3668 See

169 3700 201 3751 oi
215 3701 339 3762 alumen,
361 3717 402 3751 see
422 3701 543 3759 Paucker,
565 3703 623 3766 spic.
645 3701 747 3750 mdesed
799 3699 887 3756 above,
908 3715 932 3763 p.
955 3713 994 3764 94,
1018 3699 1034 3748 l.
1057 3712 1079 3760 5,
1102 3707 1169 3748 note.
1215 3697 1255 3747 Cf.
1274 3698 1377 3762 Chryse

170 3783 217 3834 lex.
246 3783 290 3834 lae.
316 3799 361 3849 pp.
386 3797 409 3848 7,
432 3787 462 3845 ὃς
489 3785 604 3848 Beitrc'ige
628 3800 676 3832 secr
701 3784 745 3834 lac.
800 3783 903 3831 ennoea
920 3783 945 3830 δὲ
960 3782 1109 3830 excaecarat
1128 3797 1190 3830 τινες
1208 3781 1321 3840 λέγοντες
1339 3783 1377 3832 irc

170 3865 228 3922 lex..
246 3881 272 3930 p.
291 3864 357 3928 6083
384 3866 417 3916 ci.
443 3866 542 3931 Lumby
569 3865 619 3915 and
648 3865 746 3929 Mayor,
800 3863 885 3910 διεῖλεν
895 3863 928 3911 εἰς
940 3863 980 3910 δύο
991 3863 1032 3911 τὸν
1044 3859 1374 3922 ἅνθρωτονόιῑπόστολος,..

169 3963 195 4014 p.
211 3946 267 4011 4⁴⁶·
801 3948 840 3996 nal
851 3947 934 4007 μάχην
946 3947 981 4007 τῷ
993 3947 1087 4005 σώματι
1099 3947 1157 4007 πρὸς
1172 3947 1217 4004 τὴν
1234 3947 1316 4007 ψυχὴν
1332 3947 1377 3994 δει-

202 4039 244 4092 ¹13.
285 4045 346 4093 qnae
361 4035 421 4078 sum
435 4029 515 4079 adult.
535 4029 592 4090 δια]
629 4029 691 4080 This
708 4027 749 4078 list
800 4028 852 4076 erne
876 4025 957 4076 aione.
998 4025 1052 4076 ἀλλ’
1075 4029 1117 4075 οὐκ
1140 4028 1206 4076 ἔστιν
1227 4028 1311 4086 ταῦτα,
1337 4028 1379 4074 oin

169 4109 201 4160 oi
208 4111 259 4159 sins
270 4109 296 4159 in
307 4107 378 4159 Tn's
389 4117 441 4160 text
452 4127 532 4162 seems
543 4119 569 4160 to
584 4111 648 4161 have
659 4111 747 4161 stood:
799 4111 877 4158 ἔστιν·
893 4110 972 4170 σάρκα
983 4110 1032 4172 γὰρ
1043 4111 1146 4159 ἐνταῦθα
1158 4111 1221 4158 οὐτὸ
1230 4110 1301 4166 σῶμα
1310 4109 1381 4156 καλεῖ

169 4191 275 4251 μοιχεία,
282 4192 388 4254 πορνεία,
398 4191 543 4252 ἀκαθαρσία,
551 4189 676 4254 ἀσέλγεια,
685 4193 748 4241 eiius-
801 4192 856 4251 ...n
872 4191 921 4252 γὰρ
937 4191 1049 4246 ἐπιθυμία
1065 4184 1093 4240 ol
1109 4191 1195 4252 σαρκὸς
1210 4189 1276 4237 ἀλλὰ
1288 4190 1375 4251 ψυχῆς,

168 4273 308 4334 λολατρεία,
318 4275 472 4335 φαρμακεῖαι,
484 4275 578 4335 ἔχθραι,
590 4275 656 4335 ἕρεις,
671 4275 745 4338 ζῆλοι,
801 4274 876 4321 nnis.
917 4272 1007 4322 Thdm
1030 4273 1064 4320 τὰ
1079 4274 1172 4321 τούτοις
1193 4271 1264 4330 ὅμοια
1287 4272 1314 4320 οὐ
1336 4272 1379 4330 τῆς

169 4353 276 4415 ipsicius,
284 4354 444 4415 διχοστασίαι,
453 4355 562 4415 alpinus,
572 4353 664 4415 φθόνοι,
673 4353 751 4416 φόνοι,
801 4351 888 4412 σαρκὸς
902 4349 970 4400 ἀλλὰ
980 4351 1023 4412 τῆς
1036 4351 1115 4414 ψυχῆς
1126 4353 1192 4402 ἐστιν
1203 4353 1260 4400 tna
1294 4353 1321 4400 οὐ
1331 4353 1378 4400 rai·

168 4432 250 4491 μέθαι,
260 4433 449 4489 xeiuoc-unless
451 4433 632 4496 prouocationes
639 4432 660 4482 is
667 4437 752 4482 meant
802 4451 844 4484 sve
854 4435 897 4494 τῆς
908 4433 994 4496 σαρκὸς
1009 4437 1146 4500 κατηγορεῖ,
1165 4433 1233 4485 ἀλλὰ
1249 4437 1292 4483 τοῦ
1307 4435 1378 4498 palii·

168 4519 198 4563 to
208 4527 282 4564 cover
293 4513 356 4564 both
367 4515 436 4576 eope
447 4515 498 4564 and
509 4515 613 4576 ἐριθεῖω.
800 4531 848 4575 μου
858 4517 1017 4578 φρονήματος.

1207 4627 1291 4695 7-2
1344 4669 1351 4709 ,
1400 4649 1442 4672 ι-
