3342 5224
154 398 215 465 lii.
234 398 337 482 5-8.]
559 411 599 462 nt
624 412 676 464 se.
699 411 750 462 nn
773 412 948 463 enixans.
1059 356 1062 362 ¹
1317 415 1358 478 39

215 583 260 655 id,
279 585 392 649 dicens
418 584 564 647 ostendit
594 605 630 648 se
661 584 783 647 bonam
809 582 851 646 de
878 581 940 644 illis
966 581 1076 645 adhuc
1099 601 1195 665 spem
1225 579 1357 654 habere,

152 698 333 773 expectans
348 687 446 752 simul
462 687 541 769 quia
556 695 590 752 et
610 707 646 750 se
667 685 871 750 cohibebunt
893 685 937 750 ab
958 683 1072 749 illicita
1094 684 1356 748 aduersariorum

152 792 309 856 doctrina.
353 799 388 856 et
414 797 492 873 post
515 789 779 854 interiectionem
801 789 988 867 uerborum,
1016 789 1135 854 iterum
1158 788 1357 852 anteriorem

153 891 358 960 intellectum
373 892 529 957 resumit:

212 1067 272 1151 qui
289 1089 364 1152 ergo
386 1067 558 1132 ministrat
589 1068 680 1132 uobis
703 1067 876 1150 Spiritum,
899 1079 931 1132 et
955 1068 1141 1150 inoperatur
1162 1067 1301 1132 uirtutes
1323 1069 1357 1131 in
1396 1079 1410 1145 5

151 1171 249 1246 uobis,
264 1171 460 1254 exoperibus
473 1171 553 1256 legis
567 1181 627 1236 aut
639 1192 679 1234 ec
690 1170 808 1234 aacditu
813 1170 900 1254 fidei
911 1171 931 1234 ?

218 1315 252 1372 et
275 1315 426 1371 statuens
447 1305 549 1370 fidem
572 1305 615 1370 de
637 1307 780 1390 Spiritus
801 1307 907 1371 sancti
932 1307 1049 1371 datam
1069 1307 1170 1370 luisse
1192 1305 1357 1390 largitate,

153 1407 300 1476 ostendit
315 1409 386 1472 eius
400 1407 609 1491 dignitatem,
625 1407 723 1472 simul
739 1418 773 1474 et
789 1429 950 1492 personae
965 1409 1250 1491 magnitudinem:

219 1565 305 1630 sicut
317 1565 500 1631 ‘Abraham
526 1566 657 1650 (inquit)
676 1566 815 1630 credidit
832 1566 911 1646 Deo,
928 1577 961 1630 et
981 1575 1162 1649 reputatum
1183 1576 1230 1630 est
1249 1565 1303 1630 illi
1315 1567 1363 1630 ad

152 1669 337 1738 iustitiam!
1379 1683 1416 1727 10

220 1798 389 1863 ‘omnium
413 1798 546 1884 (inquit)
569 1798 640 1862 dixi
661 1797 837 1862 Abraham
860 1799 950 1881 apud
975 1820 1036 1862 uos
1060 1798 1310 1882 eligantiorem3
1339 1821 1359 1862 a

152 1923 223 1987 quo
252 1910 286 1966 et
317 1923 416 1966 omne
446 1912 593 1966 uestrum
623 1901 766 1965 habetur
795 1902 1002 1985 principium.
1060 1901 1113 1965 hic
1138 1902 1246 1984 igitur,
1275 1901 1360 1966 sicut

152 2007 269 2070 diuina
288 2005 450 2088 scriptura
473 2005 517 2068 de
541 2025 581 2068 eo
603 2004 693 2080 dicit,
710 2025 769 2088 per
790 2003 891 2068 fidem
913 2005 1072 2070 iustitiam
1093 2006 1270 2069 adsecutus
1290 2005 1359 2070 est'

150 2120 196 2186 et,
221 2110 381 2191 quoniam
405 2108 521 2173 ludaei
545 2117 684 2173 naturae
708 2107 918 2174 adfinitatem
940 2117 1164 2193 proponentes
1194 2109 1269 2194 plus
1299 2112 1360 2176 sibi

151 2213 281 2296 aliquid
303 2212 470 2276 uindicare
491 2209 705 2289 uidebantur,¹
716 2211 808 2298 quod
831 2213 922 2276 nullo
938 2213 1040 2278 modo
1064 2212 1128 2277 illis
1144 2214 1200 2297 qui
1216 2234 1260 2278 ex
1281 2235 1361 2299 gen·
1380 2225 1413 2291 15

152 2321 245 2384 tibus
260 2325 355 2384 erant
370 2317 489 2408 adesse
503 2325 645 2400 poterat,
661 2317 727 2382 ait:

220 2479 329 2544 scitote
340 2497 414 2561 erga
429 2476 582 2560 puetarum
599 2475 684 2562 [qm]
700 2475 816 2561 exfide
827 2487 913 2553 stant,
931 2476 981 2560 [ti
992 2486 1071 2540 sunt
1074 2476 1150 2561 filii
1161 2478 1192 2541 Α
1199 2477 1339 2563 trahae}

222 2615 335 2696 itaque
365 2633 433 2678 non
463 2612 627 2697 delinquit
666 2613 868 2696 quicumque
905 2612 967 2676 hos
1005 2613 1129 2677 dixerit
1167 2633 1239 2678 esse
1276 2613 1363 2679 filios

154 2717 319 2783 Abrahae
341 2726 375 2780 et
398 2718 547 2781 maxime
569 2717 639 2781 eius
669 2716 848 2781 familiares
873 2716 1056 2780 secundum
1084 2717 1362 2797 iustificationem,

153 2823 214 2906 qui
237 2821 422 2908 perfidem
447 2829 631 2904 expectant
658 2822 798 2904 adsequi
826 2819 1103 2897 iustificationem‚
1128 2822 1213 2885 sicut
1243 2831 1277 2886 et
1307 2821 1362 2885 ille
1377 2844 1419 2890 zo

155 2937 208 2990 est
236 2924 425 2988 adsecutus.
468 2933 513 3002 et,
541 2933 578 2987 ut
608 2944 650 2988 ne
685 2924 853 2988 uideretur
882 2923 953 3006 ipse
983 2921 1146 2986 uiolenter
1174 2921 1362 3003 adsecutus,

155 3025 239 3091 illud
255 3025 452 3091 confirmare
463 3034 607 3110 poterat,
621 3026 734 3091 dicens
749 3046 756 3090 :

213 3183 411 3267 praenitens
431 3194 542 3248 autem
567 3183 737 3266 scriptura,
762 3184 915 3267 quoniam
940 3205 979 3247 ex
994 3183 1067 3267 fide
1093 3182 1251 3267 iustificat
1274 3185 1365 3248 Deus

120 3343 123 3350 .
154 3298 270 3372 gentes,
290 3297 367 3354 ante
393 3288 634 3372 euangeltaauit
652 3287 814 3364 Abrahae,
838 3287 991 3370 quoniam
1013 3287 1253 3352 ‘bmdicentur
1277 3288 1314 3352 in
1336 3301 1366 3352 te

154 3388 401 3474 ornnesgentes?
1379 3407 1396 3452 2
1402 3403 1416 3469 5

222 3519 350 3584 dictum
380 3527 432 3582 est
461 3519 495 3582 in
523 3519 638 3584 diuina
667 3521 828 3604 scriptura
858 3519 1019 3583 Abrahae
1049 3540 1070 3583 a
1100 3519 1176 3583 Deo
1202 3520 1363 3603 quoniam

155 3623 334 3688 uniuersae
367 3631 486 3706 gentes
523 3621 570 3686 illi
600 3624 894 3688 communicabunt
924 3623 958 3686 in
998 3621 1240 3687 benedictione.
1287 3643 1364 3687 nam

154 3726 248 3810 quod
273 3724 380 3790 dixit:
401 3723 622 3790 bmedr'centur
643 3725 678 3789 in
703 3736 732 3790 te
740 3749 757 3802 ;
782 3725 849 3790 hoc
870 3734 931 3802 est,
956 3730 1086 3790 ‘tecum
1113 3725 1364 3802 benedicentur,

206 3894 341 3960 asimulq.
359 3894 406 3944 etsi
423 3910 445 3946 c.
466 3911 493 3946 se
510 3895 546 3946 ab
563 3895 609 3946 dcc.
630 3897 653 3946 C
669 3897 704 3946 H
797 3905 946 3962 soporatur
965 3897 1080 3959 Cim)
1099 3897 1133 3946 H
1204 3895 1366 3947 duobisH'

156 3984 171 4037 7
188 3973 329 4038 largitatem
350 3971 435 4023 C'H
558 3991 585 4025 ιι
603 3990 667 4040 quae
686 3975 809 4039 (beselini)
827 3975 880 4025 add
897 3977 923 4025 C
934 3977 1008 4037 (cm)
1023 3974 1028 4041 Ι
1042 3975 1174 4042 eligantior
1192 3981 1230 4026 est
1252 3977 1275 4027 C
1293 3976 1366 4044 (corr)

158 4051 464 4118 rrbabetthocH
547 4055 767 4118 r4affinitateH
852 4055 1055 4118 metellusfl
1149 4070 1177 4121 17
1200 4057 1369 4123 quiaaddc

156 4136 234 4198 (cm)
248 4134 253 4200 Ι
267 4135 294 4184 hi
311 4151 332 4186 s.
350 4135 369 4187 t.
389 4137 415 4186 A
433 4151 472 4186 om
492 4136 565 4186 CH
658 4153 690 4188 ao
712 4136 912 4186 iustificationem
930 4153 969 4186 om
990 4138 1013 4187 C
1031 4137 1107 4198 (cm)
1218 4152 1249 4199 η
1265 4140 1308 4204 qui
1322 4137 1374 4204 (bes

155 4220 227 4281 ante)
239 4217 291 4267 adt
301 4219 323 4269 C
332 4217 367 4268 H

190 4362 217 4397 a.
246 4354 299 4414 rap.
317 4346 396 4398 dnm!
408 4349 477 4414 quiz,
496 4347 555 4411 tic]
588 4348 637 4400 See
654 4365 693 4402 rr.
708 4350 733 4399 ll.
785 4349 861 4402 cohib.
876 4358 904 4402 to
914 4349 1038 4416 complete
1049 4351 1092 4402 the
1102 4365 1183 4402 sense.

156 4427 216 4478 The
231 4428 307 4482 MSS.
319 4445 363 4482 are
378 4429 470 4495 clearly
480 4437 506 4480 at
523 4429 602 4491 fault:
616 4436 640 4481 et
653 4445 678 4482 re
692 4431 737 4482 has
820 4431 861 4480 rs.
887 4430 1275 4492 bmedicmtur...terreetictrbnem]
1293 4430 1367 4481 Cited

156 4512 222 4561 been
235 4510 347 4576 changed
358 4513 412 4562 into
422 4514 471 4572 etri,
483 4513 532 4562 and
544 4530 568 4563 re
578 4513 661 4564 added
676 4513 738 4562 alter
788 4513 822 4576 by
835 4511 956 4562 lanfranc
968 4512 1017 4562 and
1031 4513 1124 4563 Robert
1137 4513 1165 4562 ol
1175 4515 1203 4561 B.
