3292 5206
150 386 382 474 111.18-23.]
526 404 566 452 m
592 405 643 453 un.
667 403 718 452 nb
742 403 1001 454 cotosseusas.
1296 405 1355 470 303

139 572 282 656 psalmis
309 585 341 640 et
368 573 497 656 hymnis
521 584 552 638 ct
579 573 712 638 canticis
740 575 943 657 spiritalibus
979 577 1160 659 gratiarum
1191 579 1356 656 actionem

147 677 290 751 uocauit,
315 676 379 739 hoc
406 677 521 740 dicens
541 677 701 760 quoniam
724 678 775 740 ‘in
803 678 958 742 cordibus
981 679 1099 743 uestris
1121 681 1246 761 gratias
1268 680 1358 762 agite

146 776 261 856 Deo;'
285 788 343 842 aut
368 781 619 864 ‘quodcumque
642 791 700 844 aut
727 781 838 843 dicitis
864 790 922 844 aut
945 782 1051 864 agitis
1074 783 1121 846 sic
1144 793 1177 847 et
1200 784 1301 847 dicite
1324 793 1357 847 et

145 879 243 960 agite,
259 881 344 944 sicut
368 879 490 944 iustum
518 891 568 945 est
592 883 700 945 dicere
726 881 799 945 illos
820 883 876 966 qui
901 883 980 946 talia
1003 885 1139 968 adsequi
1163 885 1255 968 digni
1279 895 1357 948 sunt

145 981 269 1048 habiti!
313 983 396 1048 haec
416 985 505 1049 enim
528 995 579 1049 est
598 1006 675 1048 uera
693 986 874 1068 gratiarum
898 987 996 1050 actio
1041 989 1162 1052 deinde
1183 998 1217 1052 et
1238 989 1270 1051 in
1293 986 1357 1052 hac
1394 996 1409 1062 5

144 1098 240 1170 parte
260 1089 394 1154 imitans
420 1088 477 1153 illa
500 1111 585 1172 quae
608 1091 651 1152 ad
677 1088 843 1172 Ephesios
863 1090 1045 1172 scripserat,
1064 1093 1204 1156 uertitur
1218 1093 1261 1155 ad
1283 1113 1357 1176 spe-

145 1189 262 1255 cialem
278 1191 548 1268 consolationem,
564 1192 696 1255 dicens:

210 1339 366 1417 mulieres,
379 1340 497 1405 uestris
509 1341 656 1406 subditae
669 1352 762 1405 estote
777 1340 870 1418 uiris,
886 1341 971 1406 sicut
986 1342 1141 1420 conuenit,
1155 1341 1189 1405 in
1206 1343 1355 1408 Domina.

210 1485 331 1529 uxores
348 1466 439 1531 iubet
454 1467 605 1530 subditas
621 1487 692 1530 esse
713 1468 848 1532 maritis.

208 1615 287 1696 uiri,
303 1616 430 1699 diligite
445 1637 556 1680 uxores
570 1628 696 1681 uestras
709 1627 740 1682 et
754 1601 852 1682 nolite¹
863 1618 1046 1684 materiari
1058 1619 1106 1682 ad
1119 1618 1201 1682 illas.
1373 1621 1411 1667 10

209 1745 297 1808 uiros
321 1746 480 1810 admonet
504 1745 640 1829 diligere
667 1766 743 1810 suas
770 1766 900 1823 uxores,
929 1768 990 1810 nec
1016 1746 1155 1810 moleste
1178 1767 1258 1829 erga
1283 1745 1355 1808 illas

143 1867 272 1911 uersari.

200 1996 281 2080 filii,
292 1997 429 2062 oboedite
436 1997 628 2080 parentibus
632 2009 695 2082 per
707 1999 836 2074 onmia,·
850 1999 906 2062 lzoc
918 1997 1003 2062 euim
1019 2009 1066 2062 est
1080 1997 1303 2082 beneplacitum
1320 1997 1354 2060 iu

49 2171 52 2178 ,
142 2097 292 2164 Domino.

204 2229 326 2293 :suadet
342 2229 415 2293 filiis
432 2239 469 2294 ut
484 2229 622 2294 audiant
637 2231 837 2314 parentibus.
1095 2243 1098 2250 '
1374 2240 1408 2306 15

200 2390 320 2464 patres,
338 2381 434 2445 nolite
446 2382 728 2466 amrbarcfilios
743 2393 870 2459 uestros,
887 2392 924 2445 ut
939 2404 976 2446 ne
990 2381 1100 2446 animo
1114 2381 1272 2466 deficiant.

205 2510 356 2593 patribus
372 2511 497 2588 suadet,
515 2521 550 2574 ut
567 2532 633 2574 non
649 2533 693 2574 ex
710 2511 876 2594 superfluo
892 2512 1023 2575 tristent
1037 2511 1123 2575 filios
1138 2533 1224 2576 suos.

207 2662 304 2741 serui,
330 2663 465 2726 oboedite
486 2673 548 2744 per
570 2663 680 2727 omma
703 2663 844 2726 dominis
867 2663 984 2726 uestris
1006 2662 1165 2746 quisunt
1183 2663 1355 2726 secundum

142 2784 279 2838 carnem,
303 2785 366 2826 non
386 2764 434 2826 ad
447 2765 570 2828 oculum
590 2766 763 2828 seruientes
777 2766 862 2828 sicut
875 2765 1058 2829 lmrninibus
1067 2765 1234 2847 placentes,
1247 2763 1307 2826 sed
1319 2764 1354 2827 in

141 2863 346 2947 simplicitate
359 2865 466 2928 cordis
480 2866 627 2930 timentes
638 2867 839 2942 Dominum,·
859 2890 951 2932 ortuis
964 2867 1178 2951 quodcumque
1183 2864 1303 2946 facitis
1317 2886 1355 2927 ex
1368 2877 1411 2924 20

194 3047 204 3081 r
223 3033 334 3097 psalmos
345 3040 369 3082 et
381 3033 480 3097 hymnis
491 3039 516 3083 et
527 3034 631 3083 canticis
645 3033 797 3099 spiritalibus
812 3035 845 3085 C·
859 3035 893 3085 H
920 3034 1030 3100 psalmos
1046 3041 1071 3084 et
1088 3034 1195 3098 hymnos
1213 3045 1237 3085 et
1255 3037 1353 3086 cantica

142 3115 263 3179 spiritalia
277 3115 297 3163 C
309 3112 381 3177 (corr)
526 3116 541 3164 8
558 3123 655 3164 uestrae
669 3117 690 3164 C
699 3117 732 3164 H
742 3115 745 3180 Ι
761 3116 892 3166 conueniat
904 3117 938 3166 H
1065 3131 1095 3166 ro
1112 3117 1259 3167 exacerbare
1273 3118 1311 3167 C*
1324 3119 1359 3167 H

145 3209 173 3257 ¹3
191 3195 226 3244 fili
239 3195 275 3245 C'
290 3193 294 3258 Ι
310 3203 346 3244 est
357 3211 395 3245 om
408 3195 442 3245 H
548 3208 577 3259 15
594 3197 730 3247 obaudiant
745 3199 766 3247 C
776 3199 850 3259 (corr)
863 3214 880 3247 r
979 3195 1009 3248 16
1025 3213 1171 3249 exaceruare
1186 3197 1221 3249 C'
1323 3213 1351 3262 ¹7

143 3277 266 3342 superflue
279 3277 337 3340 (sir
347 3293 378 3326 ex
389 3276 523 3342 superfluo)
536 3295 552 3326 r

178 3439 199 3474 ι.
227 3423 474 3490 psalmis...u0cauit]
513 3423 544 3474 τὸ
568 3421 618 3488 γὰρ
646 3429 725 3490 ‘tab
771 3428 858 3478 nation
867 3428 897 3478 ol
902 3427 943 3479 the
952 3428 1026 3479 Latin
1034 3429 1144 3480 versions
1152 3433 1205 3479 “ne
1215 3428 1352 3480 deficiant'’

141 3509 211 3571 poia'
223 3512 308 3570 κ.τ.λ.,
322 3506 367 3568 τὴν
379 3507 535 3572 εὐχαριστίαν
546 3510 620 3560 siret.
771 3508 813 3574 (Ο.
826 3509 874 3573 L.),
886 3511 936 3560 and
949 3511 999 3561 “ut
1011 3526 1064 3560 non
1074 3510 1167 3576 pusillo
1176 3511 1261 3561 animo
1270 3510 1352 3561 fiant’'

175 3589 198 3642 6.
242 3591 349 3642 imitans
370 3591 415 3641 illa
436 3607 499 3657 qaae
521 3593 557 3641 ad
576 3591 643 3656 Epir.
664 3592 723 3655 scia]
773 3589 878 3655 (Vulgi.
916 3591 954 3641 Ct‘.
967 3591 1031 3640 Glc:
1049 3589 1282 3651 ῑναμὴιίθυμοΰσιν.

143 3673 182 3725 ef.
197 3691 222 3739 p.
237 3673 292 3734 116,
304 3676 320 3725 l.
338 3687 360 3737 5,
373 3679 450 3732 note;
468 3675 518 3727 and
530 3689 563 3724 on
578 3675 635 3725 Col.
651 3675 667 3724 i.
684 3675 720 3736 16,
808 3683 844 3734 ¹7·
879 3671 1056 3737 exmpcrstuo]
1072 3670 1236 3736 ἐκπερισσοῡ.

145 3770 182 3820 19,
198 3771 237 3812 aa,
251 3769 289 3818 ²5·
304 3755 349 3806 &c-
384 3755 433 3805 For
448 3756 491 3806 the
508 3765 608 3823 present
619 3757 723 3822 parallel
807 3754 845 3801 18.
878 3751 1256 3815 quisuntsecundumcarnem]
1274 3751 1348 3818 Vulg.

141 3850 219 3900 κερ.
229 3837 282 3897 182,
295 3835 312 3886 l.
322 3850 359 3902 19,
369 3851 406 3900 sq.
427 3835 722 3901 Consol.=raptiahnmr.
774 3829 980 3895 '‘carnatibus’';
997 3832 1029 3882 cf.
1044 3832 1156 3896 Ephvi.
1172 3847 1196 3896 5.
1234 3833 1353 3884 Timentes

177 3930 215 3965 ιο.
252 3915 407 3979 exacertmi]
435 3915 510 3981 Vulg.
527 3919 632 3968 “amari
644 3917 723 3969 esse.’'
768 3913 930 3965 Dominum:
956 3929 985 3963 so
1010 3917 1080 3974 Am,
1105 3913 1189 3970 Fata,
1215 3913 1351 3970 Ambusti..

142 3998 174 4049 In
186 4013 210 4046 v.
225 4011 254 4048 tr
269 3999 311 4048 the
322 4015 391 4049 same
407 4000 468 4049 verb
485 3999 530 4049 has
541 4001 605 4050 been
616 4000 677 4050 used
688 4000 723 4066 by
773 3997 858 4047 Sedul.
872 3995 940 4046 Scot.
962 3995 1039 4045 Thdt.
1051 3996 1123 4046 reads
1134 3993 1178 4046 τὸν
1191 3993 1253 4044 θεὸν.
1274 3996 1353 4045 Omne

144 4093 190 4126 our
209 4077 342 4128 translator
361 4084 388 4128 to
406 4086 533 4144 represent
550 4078 664 4144 ἐρεθίζω
684 4081 723 4140 (or
771 4072 1027 4140 quatiuntque-³28⁹
1038 4076 1076 4125 ln
1090 4075 1149 4133 ten
1166 4075 1209 4125 the
1221 4074 1289 4126 0.1.
1301 4077 1352 4126 and

143 4156 263 4222 possibly,
284 4159 467 4222 samnitum
492 4158 535 4209 the
554 4160 629 4223 Vulg.
652 4175 722 4225 para·
773 4159 847 4224 Vulg.
862 4159 948 4208 follow
964 4159 1008 4208 tha
1024 4159 1128 4224 reading
1144 4157 1158 4206 d
1172 4157 1210 4207 dv.
1244 4159 1353 4208 Dumium

142 4237 246 4302 phrases
258 4238 314 4286 “ad
327 4237 525 4302 indignationem
537 4239 701 4302 provocare.”
771 4241 837 4290 enim
852 4239 912 4290 Chr.
926 4241 1077 4292 sermtntes:
1093 4239 1136 4289 the
1152 4240 1227 4290 Latin
1242 4241 1352 4290 versions

179 4333 216 4381 ¹3·
249 4317 433 4382 benaplntitum]
467 4314 599 4382 εὐάρεστον.
644 4320 720 4385 Vulg.
772 4322 835 4372 omit
856 4323 900 4372 the
922 4322 1091 4385 conjunction,
1111 4323 1162 4373 and
1180 4324 1200 4374 it
1221 4322 1267 4373 has
1287 4323 1357 4372 been.

138 4403 270 4468 placitum.
772 4407 858 4454 erased
870 4404 1029 4469 accordingly
1041 4405 1129 4470 hythe
1140 4412 1276 4456 correctore
1287 4423 1297 4467 5
1311 4421 1359 4456 see·

177 4481 213 4534 16.
250 4489 279 4533 ut
294 4481 557 4547 neanimodeficiani]
589 4484 723 4534 Acombi·
774 4503 814 4534 vv.
826 4487 851 4537 ll.
865 4487 899 4551 (p.
912 4485 979 4550 306).

231 4593 256 4643 S.
1224 4602 1265 4648 20
