3340 5232
189 394 365 482 -1.22,23.]
523 403 524 408 ’
592 411 632 460 ut
657 411 709 460 Eu.
733 411 783 460 no
807 408 991 460 spasmos
1336 407 1398 474 139

192 601 195 606 ·
255 595 288 649 et
300 584 410 650 omnia
423 570 554 650 subiecit
566 585 625 649 sub
632 584 769 667 pedibus
781 583 857 647 eius.

256 711 492 798 compendiose
518 715 628 779 dicere
657 715 771 793 uoluit,
797 713 964 778 ‘omnium
996 711 1089 776 illum
1115 711 1290 776 dominum
1320 731 1398 776 con-

191 817 315 883 stituit]
360 827 395 881 et
409 818 543 900 quidem
560 818 649 900 apud
665 838 727 880 nos

256 996 364 1078 ipsum
385 998 476 1062 dedit
501 1009 596 1083 caput
621 1010 719 1081 super
743 997 836 1062 omni
860 998 985 1062 ecclesia
1013 1017 1095 1081 quae
1117 1007 1166 1062 est
1188 1008 1300 1081 corpus
1321 994 1397 1072 eius,
1443 1069 1445 1072 ,

183 1099 351 1181 plenitudo
364 1101 434 1164 eius
447 1101 627 1184 quiomnia
642 1103 677 1166 in
691 1103 839 1167 omnibus
852 1101 1054 1185 adimpletur.
1435 1111 1451 1179 5

258 1235 454 1296 ‘commune
478 1232 610 1316 (inquit)
636 1244 687 1298 est
708 1233 772 1297 hoc
787 1235 913 1298 bonum
930 1235 1084 1299 omnibus
1101 1233 1205 1310 nobis
1220 1233 1277 1317 qui
1293 1235 1397 1299 credi-

191 1331 319 1396 dimus!
360 1334 485 1417 quare?
523 1337 701 1419 ‘quoniam
727 1356 847 1418 eorpus
877 1337 946 1400 eius
973 1357 1087 1399 sumus
1113 1356 1316 1402 omnesnos
1340 1336 1397 1419 qui

191 1435 365 1512 credimus
408 1436 622 1500 similitudine
667 1447 806 1502 naturae
846 1438 1135 1520 participationem
1180 1437 1398 1521 suscipientes

191 1535 319 1616 gratiae
343 1535 488 1619 Spiritus
514 1538 601 1602 illius
626 1539 682 1622 qui
710 1540 744 1602 in
770 1561 811 1602 eo
835 1539 942 1605 factus
966 1550 1025 1604 est.
1078 1541 1168 1623 quod
1200 1541 1288 1603 enim
1318 1561 1397 1622 erga

192 1637 284 1702 iilum
296 1639 420 1704 iactum
433 1652 483 1705 est
495 1643 530 1706 in
541 1641 728 1706 chrismatis
737 1645 853 1707 ordine
865 1642 1250 1727 susceptum—Spiritus
1263 1640 1394 1726 (inquit)
1415 1651 1455 1699 10

191 1741 331 1807 Domini
347 1757 442 1828 super
465 1769 521 1823 me,
537 1758 669 1830 propter
693 1746 779 1829 quod
804 1747 902 1810 unxit
925 1746 1094 1810 me—huic
1121 1746 1259 1830 Spiritui
1282 1756 1317 1810 et
1337 1768 1398 1811 nos

192 1848 429 1930 participantes
458 1870 518 1932 per
552 1851 836 1932 regenerationem
874 1847 975 1926 illam,
1006 1849 1293 1933 participationem
1325 1869 1399 1933 pers

192 1951 341 2032 cepimus
365 1972 450 2033 quae
475 1953 563 2035 apud
590 1973 665 2015 eum
691 1963 761 2032 est;
794 1972 906 2016 ueram
933 1952 1068 2035 quidem
1094 1949 1338 2034 copulationem
1364 1950 1398 2014 in

191 2051 302 2115 iuturo
327 2053 461 2117 saeculo
487 2055 713 2138 percipientes
739 2057 874 2138 quando
897 2066 932 2119 et
958 2041 1203 2120 resurrectionis
1226 2057 1296 2119 eius
1323 2077 1397 2139 par-

191 2156 521 2240 ticipesefficiemur.
565 2180 644 2223 nam
667 2159 829 2242 primitias
852 2160 1015 2241 quasdam
1043 2158 1186 2242 Spiritus
1209 2179 1254 2222 ex
1280 2180 1320 2223 eo
1344 2181 1397 2223 ac·
1415 2162 1451 2231 15

191 2259 340 2342 cepimus
377 2259 413 2323 in
448 2262 650 2344 baptismate
683 2262 865 2325 secundum
903 2281 1060 2343 praesens
1097 2258 1274 2335 saeculum,
1307 2261 1397 2343 quod

190 2361 358 2444 baptisma
384 2361 524 2425 formam
551 2362 673 2427 habere
695 2365 811 2427 mortis
833 2372 868 2427 et
894 2362 1138 2426 resurrectionis
1165 2359 1398 2440 existimatur;

190 2464 224 2528 in
251 2485 392 2547 quorum
422 2475 457 2529 et
479 2465 621 2530 sormam
651 2467 808 2530 constitui
832 2467 899 2530 iam
926 2468 1049 2531 amodo
1079 2465 1253 2542 credimus,
1277 2486 1398 2550 corpus

191 2567 326 2649 quidem
350 2569 419 2631 eius
442 2589 558 2631 omnes
581 2589 653 2632 esse
679 2590 736 2632 eos
759 2567 817 2650 qui
838 2569 977 2633 credunt
996 2567 1237 2634 existimantes
1276 2567 1397 2632 ‘eccle-

190 2669 292 2733 siam'
316 2670 405 2734 enim
430 2669 578 2734 fidelium
604 2680 775 2752 nuncupat
796 2671 1088 2753 congregationem
1100 2693 1109 2750 ;
1133 2669 1264 2752 ‘caput'
1285 2663 1397 2734 aute'm
1411 2685 1455 2735 20

243 2853 414 2904 rsubomli
490 2855 581 2920 5quia
595 2854 659 2904 CH:
674 2859 774 2902 seemte
857 2865 887 2902 ro
902 2859 1030 2916 susceptus
1044 2849 1118 2900 C'II
1137 2849 1280 2915 suscepistis
1294 2848 1398 2915 δᾴων)

194 2935 378 3000 13uerumll
479 2934 508 2987 16
524 2944 681 3002 praesentem
696 2933 770 2986 C'H
864 2947 893 2997 17
910 2933 1080 2984 erristimamur
1093 2931 1148 2982 CH

224 3091 263 3165 iix
281 3110 355 3168 super
380 3102 451 3152 omni
472 3101 577 3164 ecelesia]
611 3101 765 3166 Cs.p.14a,
856 3100 1397 3167 12.part12·t'patz'r›nempercepimus]Comp.

190 3184 208 3233 l.
222 3201 258 3249 14,
270 3186 371 3250 “super
381 3199 481 3234 omnem
495 3181 651 3234 ecclesiam.”
668 3181 729 3233 And
740 3197 771 3232 so
819 3183 867 3234 Th.
872 3181 892 3233 ’s
903 3183 1002 3233 treatise
1014 3198 1045 3231 on
1058 3182 1101 3232 the
1113 3181 1272 3232 Inoamation
1289 3182 1395 3247 (Migne,

190 3266 234 3316 the
249 3281 320 3317 verse
336 3267 357 3316 is
373 3267 441 3316 cited
457 3265 547 3326 below,
568 3281 603 3315 on
617 3264 674 3315 Col.
691 3265 708 3314 'u
728 3279 765 3330 ¹9·
819 3263 890 3328 980):
908 3264 997 3324 ἠξιώθη
1011 3264 1070 3324 γοῦν
1087 3263 1126 3312 rui
1144 3263 1187 3322 τῆς
1203 3265 1247 3312 τοῦ
1263 3265 1397 3323 πνεύματος

190 3347 273 3411 Super
295 3362 392 3398 omnem
418 3346 540 3396 ecclesiam
562 3347 583 3394 is
605 3346 648 3396 the
670 3344 769 3394 render·
819 3347 958 3406 ἐνοικήσεως
975 3347 1068 3407 πρῶτος
1085 3342 1152 3407 παρὰ
1168 3345 1224 3394 τοὺς
1240 3347 1339 3394 torrete
1357 3345 1397 3393 tr-

191 3429 234 3492 ing
255 3427 286 3478 oi
310 3429 445 3488 Ambrstr„
471 3428 549 3492 Aug„
574 3427 624 3476 and
652 3423 768 3489 Ziegler's
820 3430 927 3490 θρώπους
930 3465 978 3476 .....
992 3426 1054 3486 ὅλην
1067 3424 1112 3486 τὴν
1126 3425 1253 3490 χάριντοιῖ
1264 3429 1397 3486 πνεύματος

190 3509 277 3574 iragm.
312 3512 392 3574 Super
405 3510 476 3559 omni
488 3510 585 3559 ecclesia
602 3510 623 3558 is
638 3509 705 3558 cited
725 3507 769 3571 (by
819 3511 846 3559 ἐν
860 3509 937 3570 ἐαυτῷ
951 3509 1055 3570 ἐδέξατο,
1070 3507 1396 3572 ἐτέροιςδὲμερικὴνπορεῖ-

190 3592 295 3658 Ziegier,
320 3607 347 3657 p·
372 3604 425 3654 117,
448 3603 472 3651 e,
495 3589 562 3654 note)
585 3590 649 3639 from
671 3605 687 3638 a
709 3589 767 3639 Ms.
819 3606 863 3651 χεν
879 3589 924 3638 τοῦ
939 3590 1029 3638 παντὸς
1046 3589 1180 3646 πνεύματος
1196 3586 1241 3648 τὴν
1257 3590 1393 3647 μετουσίαν.

189 3675 219 3725 oi
226 3683 290 3726 cent.
305 3691 329 3724 x.
819 3671 883 3722 Also
905 3672 948 3722 the
975 3671 1050 3721 Latin
1073 3669 1162 3735 fragm.
1185 3686 1219 3720 on
1247 3671 1314 3720 Heb.
1340 3671 1357 3720 i.
1380 3685 1396 3736 9

223 3771 247 3821 5.
280 3757 334 3823 qm]
374 3757 482 3821 Though
512 3772 558 3805 our
586 3755 665 3806 MSS.
694 3769 768 3819 agree
819 3753 927 3815 (ἔχρισέν
951 3749 1079 3813 σε...πορὰ
1104 3753 1159 3802 τοὺς
1185 3751 1302 3813 μετόχους
1327 3750 1395 3816 rou):

189 3839 281 3890 herein
288 3839 447 3904 givingquuz,
456 3845 498 3902 yet
506 3838 595 3897 below,
604 3852 627 3902 p.
639 3849 693 3898 140,
703 3837 767 3894 las,
822 3833 977 3898 “participes
1004 3833 1072 3882 enim
1099 3833 1151 3882 eius
1178 3831 1296 3882 uidelicet
1322 3840 1396 3882 uocat

188 3923 235 3987 qui
248 3922 269 3972 is
281 3922 323 3972 the
334 3921 438 3985 reading
447 3921 477 3970 oi
487 3922 521 3979 (ἒς
537 3919 620 3969 whilst
633 3920 660 3968 in
671 3935 696 3984 p.
712 3933 765 3981 141,
818 3916 861 3981 qui
879 3923 904 3964 et
922 3914 969 3979 ipsi
987 3914 1056 3964 uncti
1073 3912 1155 3971 sunt,'’
1171 3913 1216 3963 irc.

188 4001 208 4052 1.
220 4020 244 4064 4,
264 4002 285 4053 it
301 4003 323 4052 is
341 4002 399 4052 read
417 4002 470 4052 also
486 4002 521 4065 by
536 4001 578 4050 the
597 3999 694 4062 Harley
708 3999 767 4048 MS.
854 4009 891 4060 15.
935 3995 1066 4060 primitias
1099 3995 1218 4058 quasdam
1251 3995 1305 4058 Sp„
1339 3993 1396 4056 διο]

190 4083 203 4132 1
222 4085 287 4134 have
305 4083 427 4135 therefore
446 4083 566 4133 ventured
583 4091 610 4133 to
629 4090 693 4134 treet
708 4085 768 4148 quia
818 4078 911 4143 Comp.
922 4093 948 4143 p.
961 4076 1000 4140 56,
1014 4076 1032 4126 l.
1044 4095 1069 4138 4.
1081 4091 1118 4141 sq.

189 4165 216 4216 in
227 4167 277 4216 this
288 4166 359 4230 place
370 4181 397 4216 es
408 4181 424 4214 a
435 4166 533 4216 clerica}
544 4181 620 4216 error.
854 4158 891 4209 16.
920 4158 1048 4222 praeseus]
1060 4159 1108 4208 See
1116 4173 1156 4206 vv.
1167 4155 1204 4213 lt,
1215 4155 1265 4206 and
1274 4155 1305 4206 cs.
1315 4173 1340 4222 p.
1351 4158 1393 4218 81,

226 4262 264 4297 ro.
297 4247 326 4295 in
343 4247 484 4296 chrismatis
499 4247 595 4308 ordim]
627 4246 766 4296 Tertadu.
817 4243 835 4293 l.
850 4253 871 4304 7,
886 4248 957 4292 note.

188 4329 247 4377 Iud.
263 4343 300 4392 13,
315 4329 482 4379 “unctionem
493 4328 633 4379 chrismatis
644 4327 758 4392 regalis.‘¹
853 4341 892 4393 ¹9·
924 4322 1043 4374 &choum
1070 4322 1145 4380 enim,
1168 4319 1226 4382 &ol
1266 4321 1396 4381 ἐκκλησίαι

225 4425 261 4469 ιο,
277 4427 315 4461 11.
344 4412 452 4476 Spiritus
468 4412 569 4476 (inqm't)
585 4412 698 4472 Domini,
710 4410 768 4473 ite]
818 4410 887 4458 καλεῖ
898 4409 940 4458 τὸν
952 4409 1073 4468 ούλλογον
1087 4405 1136 4454 τῶν
1153 4403 1246 4454 πιστῶν
1262 4403 1350 4464 (Thdt.
1362 4405 1399 4454 ad

191 4490 248 4540 nat.
261 4491 303 4542 m.
322 4507 341 4541 ι.
355 4491 391 4554 (s.
408 4492 480 4558 Lupe
491 4492 524 4541 iv.
541 4491 588 4554 n).
817 4491 841 4540 t.
856 4491 896 4552 t).
915 4491 1005 4554 Comp.
1018 4489 1067 4538 Th.
1080 4504 1112 4538 on
1127 4477 1211 4538 rrim'.
1221 4488 1255 4539 tn.
1267 4503 1304 4552 15,
1314 4491 1392 4555 infla
