3292 5206
302 409 365 474 310
629 408 858 464 rnuononus
881 410 1174 464 nonsousrnnus
1373 399 1446 484 [tv.
1467 396 1513 463 16.

365 579 525 646 ‘salutate
542 580 675 666 (inquit)
694 583 768 647 illos
783 583 840 667 qui
857 583 889 647 in
908 581 1068 647 Laodicia
1083 591 1169 658 sunt,
1182 593 1216 649 et
1229 579 1424 668 Nympham
1435 605 1514 650 cum

299 687 455 750 omnibus
470 686 546 762 suis,
563 688 618 769 qui
636 687 668 749 in
685 687 787 751 domo
803 689 872 751 eius
889 684 983 751 sunt.'
1028 697 1062 751 et
1077 687 1219 753 adiecit:

363 849 478 902 etcum
493 839 572 901 lecta
585 836 698 919 feeerit
710 838 842 919 epistola
859 838 950 921 apud
966 859 1029 914 rios,
1046 838 1152 919 facite
1171 847 1209 902 ut
1228 849 1260 902 et
1282 839 1317 903 in
1338 838 1515 903 Laodicen·

298 937 384 1005 sium
399 938 523 1002 ecclesia
538 939 666 1020 legatur
674 963 689 1014 ,·
712 950 743 1003 et
756 960 837 1033 quae
850 961 890 1002 ax
903 938 1062 1003 Laodicia
1076 950 1130 1014 est,
1146 950 1228 1004 utet
1242 962 1299 1003 rios
1312 941 1435 1023 legatis.

267 1095 282 1162 5
366 1083 477 1166 itaque
491 1081 578 1146 hanc
596 1084 783 1167 epistolam,
800 1094 978 1168 postquam
997 1086 1043 1150 ab
1068 1085 1132 1150 illis
1155 1086 1252 1150 fuerit
1276 1086 1369 1163 lecta,
1390 1086 1456 1170 legi
1480 1097 1515 1152 et

299 1183 332 1245 in
357 1182 614 1247 Laodicensium
635 1185 776 1249 ecclesia
798 1189 967 1270 praecipit.
1012 1188 1094 1251 dicit
1114 1198 1226 1252 autem
1242 1188 1298 1265 eis,
1313 1199 1351 1252 ut
1371 1198 1405 1252 et
1420 1187 1512 1252 illam

299 1303 385 1367 quae
403 1304 448 1347 ex
470 1283 630 1349 Laodicia
654 1294 705 1350 est
728 1286 861 1369 legant;
885 1309 951 1352 non
976 1291 1054 1372 quia
1076 1289 1119 1352 ad
1145 1288 1368 1354 Laodicenses
1391 1289 1513 1353 scribit

469 1500 483 1537 a
501 1487 573 1536 indo
586 1485 642 1552 (sor
654 1487 679 1535 in
691 1485 777 1550 domo)
792 1484 827 1536 C*
843 1483 847 1551 Ι
862 1485 939 1536 adicit
953 1488 1001 1536 Cr
1130 1487 1145 1538 6
1163 1488 1293 1538 ecclesiam
1308 1486 1343 1537 C*

299 1668 364 1718 have
386 1665 500 1724 “eius'’;
526 1665 575 1715 and
596 1663 668 1716 αὐτοῦ
682 1666 703 1716 is
715 1666 757 1716 the
777 1667 881 1731 reading
933 1666 1077 1726 colossum,
1099 1682 1125 1730 p.
1142 1681 1197 1730 340,
1210 1682 1248 1730 sq.

300 1748 416 1799 followed
431 1748 465 1812 by
478 1747 577 1811 Chrys,
594 1748 680 1808 Thdt,
698 1747 753 1804 dte..
770 1747 820 1796 and
835 1763 879 1812 ap·
965 1747 1037 1796 With
1066 1748 1154 1811 regard
1177 1755 1203 1796 to
1226 1747 1269 1796 the
1291 1745 1416 1797 existence
1442 1745 1472 1796 of
1496 1763 1514 1796 a

299 1831 415 1897 parently
435 1830 469 1894 by
490 1830 539 1879 Th.
558 1828 661 1879 himself
680 1829 705 1878 in
724 1829 768 1879 the
786 1844 878 1878 comm.
929 1827 1016 1892 forgetl
1040 1830 1088 1894 Ep.
1112 1837 1139 1879 to
1166 1829 1209 1878 the
1238 1830 1393 1880 Laodicenos
1419 1835 1446 1878 at
1468 1829 1513 1880 the

300 1912 415 1975 Possibly
425 1927 510 1961 eorum
527 1911 549 1960 is
566 1912 615 1961 due
632 1918 658 1960 to
673 1927 689 1959 a
706 1911 808 1975 copyist,
822 1910 879 1959 who
930 1913 1018 1977 period
1031 1913 1103 1962 when
1115 1911 1248 1962 Theodore
1260 1920 1347 1970 wrote,
1359 1910 1390 1962 cf.
1403 1910 1513 1961 Hieron.

299 2007 351 2040 was
362 1989 451 2040 misled
462 1989 496 2052 by
507 1989 549 2039 the
562 1988 733 2052 immediately
743 1986 880 2052 preceding
929 1991 959 2040 de
978 1991 1042 2040 vii-r.
1061 1992 1154 2040 illustr.
1174 2005 1203 2054 5:
1228 1993 1338 2056 “legunt
1360 1993 1463 2056 quidam
1485 2000 1512 2042 et

298 2081 322 2126 et
326 2074 424 2139 fratres
429 2093 439 2132 ,·
456 2088 498 2122 see
509 2088 549 2120 vv.
561 2072 589 2121 ll.
647 2081 655 2094 ·
930 2071 962 2120 ad
980 2071 1154 2131 Laodicenses,
1174 2072 1217 2121 sed
1237 2071 1270 2120 ab
1287 2073 1404 2123 omnibus
1423 2072 1512 2138 explo-

331 2174 355 2216 4.
388 2169 492 2218 quaeex
507 2153 538 2202 L.
552 2151 596 2213 est]
634 2151 690 2201 The
709 2150 785 2215 Vulg.
804 2150 879 2201 inter·
929 2152 1023 2204 ditur.”
1072 2154 1111 2204 Dr
1130 2155 1220 2218 Jacobi
1246 2152 1362 2218 (prooem
1390 2156 1427 2204 ad
1451 2155 1511 2205 Col.

298 2244 366 2301 prets
378 2234 460 2284 rather
470 2234 531 2283 than
540 2233 685 2283 translates:
702 2231 805 2294 “ea[m]
815 2247 879 2296 quae
930 2235 1036 2294 ti.-iv.)
1054 2236 1179 2285 remarks:
1203 2236 1377 2285 “Theodorus
1393 2237 1444 2286 fere
1460 2237 1512 2302 pri-

299 2318 490 2369 Iaodicensium
502 2315 565 2366 est.’'
929 2331 985 2365 mus
999 2315 1169 2365 testimonium
1185 2315 1232 2366 fert
1249 2317 1281 2365 de
1296 2317 1432 2366 subornata
1448 2316 1511 2368 eius·

332 2414 355 2464 7.
388 2417 439 2450 non
468 2401 527 2464 quia
549 2399 586 2448 ad
605 2397 762 2447 laodicenses
783 2396 878 2459 scribit]
929 2393 987 2443 dem
998 2393 1064 2443 tituli
1076 2393 1208 2460 epistola.''

298 2483 392 2531 Thdt.:
409 2481 471 2555 ruis
482 2476 604 2542 ὑπέλαβον
618 2481 659 2526 καὶ
673 2473 732 2542 πρὸς
744 2479 877 2528 Λαοδικέας
962 2475 1017 2524 The
1029 2475 1170 2540 paragraph
1187 2475 1513 2542 apostoles-inserebantur

298 2559 371 2612 οὖσδν
383 2559 541 2624 γεγραφέναι·
559 2557 645 2608 cirita
661 2561 740 2607 votivi
751 2560 791 2607 παλ
802 2576 877 2621 προσ·
928 2555 973 2604 has
984 2556 1048 2604 been
1061 2555 1151 2620 copied
1165 2557 1200 2619 by
1211 2555 1342 2617 lanfranc,
1356 2557 1440 2608 whose
1451 2573 1511 2607 own

298 2644 412 2705 φέρουσιν
442 2641 617 2699 πεπλασμένην
644 2637 787 2698 ἐπιστολήν·
816 2639 878 2689 ddi
928 2643 1055 2685 comment
1081 2635 1118 2685 is:
1161 2636 1224 2685 “de
1260 2638 1509 2692 dubitationibus

298 2727 360 2775 teias
379 2721 515 2773 ἀπόστολος
534 2719 577 2772 orie
594 2723 643 2784 ἔφη
660 2727 675 2748 “
686 2722 726 2770 καὶ
743 2723 788 2780 σὴν
806 2717 878 2782 πρὸς
927 2717 990 2767 suis
1014 2717 1182 2767 Laodicenses
1199 2718 1330 2783 epistolam
1347 2721 1380 2770 ad
1399 2721 1510 2787 Aposto-

297 2804 490 2858 teostitae-’⁹
506 2805 572 2854 ἀλλὰ
587 2805 654 2853 “red
668 2807 712 2864 τὴν
730 2804 761 2852 ἐκ
776 2802 877 2850 deodr-
927 2796 980 2848 lum
996 2797 1156 2862 scripsemnt,
1173 2815 1249 2864 quam
1266 2801 1404 2865 Apostolus
1420 2803 1510 2854 Colos-

297 2887 401 2940 xslas.”
432 2890 516 2938 ἐκεῖνον
526 2888 576 2949 γὰρ
587 2887 645 2948 πρὸς
656 2886 729 2934 αὐτὸν
741 2885 795 2943 περί
805 2900 878 2932 τινων
927 2879 961 2928 sis
983 2878 1032 2942 legi
1055 2878 1185 2943 praecipit,
1209 2887 1236 2929 ut
1258 2896 1345 2930 eorum
1370 2881 1510 2933 Laodicen·

297 2975 417 3037 [γραφη
451 2971 513 3020 ,1135
529 2971 555 3019 ss
571 2967 655 3018 atron,
671 2963 876 3028 ἢγὰὶμΚολοσ-
927 2957 992 3008 sium
1014 2975 1080 3008 nunc
1103 2959 1157 3008 uisa
1175 2960 1331 3012 dubitatione
1348 2962 1427 3012 sciant
1446 2964 1509 3028 quid

297 3057 351 3104 sais
382 3053 500 3115 γενόμενα
526 3051 693 3106 αἰτιάσασθαι,
722 3047 738 3110 ἣ
759 3047 790 3097 τὰ
816 3043 878 3096 αὐτὰ
927 3041 1190 3106 respondeant...haec
1211 3041 1233 3091 si
1259 3051 1324 3092 esset
1345 3045 1452 3108 apostoli
1474 3047 1510 3122 ad

298 3137 457 3194 νενοσηπέναι·
480 3131 516 3183 διὸ
534 3133 574 3180 nat
586 3133 676 3190 ταύτην
689 3131 756 3186 εἶπεν
769 3131 815 3189 τὴν
824 3128 877 3178 ἐπι·
929 3124 1104 3183 Laodicenses,
1114 3123 1207 3172 diceret
1219 3139 1269 3172 nou
1284 3124 1508 3176 ‘Laodicensium’

298 3219 388 3276 στολὴν
401 3213 516 3266 edistius
527 3212 719 3274 ἀναγνωσθῆναι.
756 3212 823 3261 That
835 3211 877 3260 the
927 3205 1015 3267 [επήν
1027 3203 1055 3254 ἐκ
1066 3203 1159 3266 Δ.]”...
1182 3205 1278 3254 Robert
1289 3205 1319 3254 of
1328 3207 1509 3259 B.hasmlxed

298 3301 371 3350 letter
390 3313 441 3346 was
459 3295 594 3346 addressed
607 3295 641 3358 by
659 3293 702 3343 the
722 3293 877 3343 laodiceans
927 3303 961 3352 up
974 3285 1119 3336 lanfranc’s
1131 3286 1242 3336 remarks
1253 3287 1313 3336 with
1325 3287 1403 3345 Tn's,
1415 3290 1511 3355 adding

298 3390 325 3431 to
343 3381 370 3430 S,
385 3378 447 3427 Paul
460 3376 511 3425 had
528 3377 592 3426 been
610 3376 669 3425 held
687 3376 721 3439 by
738 3375 878 3440 expositors
927 3384 960 3418 an
971 3367 1085 3433 example
1097 3366 1126 3418 of
1135 3368 1177 3418 the
1191 3367 1331 3418 Laodiceun
1342 3371 1509 3432 dubitationes,

299 3460 387 3511 earlier
406 3459 466 3509 than
485 3458 553 3518 Th.;
579 3473 620 3507 see
640 3457 729 3521 Chrys.
748 3457 784 3505 nd
799 3456 824 3503 Ιι.
840 3456 877 3503 L:
927 3450 978 3499 and
997 3449 1124 3514 assignlng
1142 3449 1184 3499 the
1204 3449 1286 3499 whole
1301 3450 1330 3500 of
1345 3451 1394 3500 this
1409 3453 1511 3517 medley

298 3544 360 3592 tritt
378 3541 491 3600 λέγουσιν
509 3539 546 3587 ὅτι
565 3535 618 3599 ου’χῖ
635 3536 680 3597 τὴν
700 3535 800 3585 Παύλου
819 3533 878 3598 πρὸς
927 3539 953 3582 to
972 3532 1114 3581 Ambrosez
1139 3533 1224 3580 “Am.
1241 3548 1291 3582 non
1311 3541 1348 3583 est
1365 3533 1401 3584 ita
1418 3535 1509 3600 accipi-

299 3622 384 3674 αὐτοὺς
395 3619 589 3681 ἀπεσταλμένην,
600 3619 663 3668 ἀλλὰ
680 3621 725 3679 σὴν
735 3616 790 3681 παρ’
801 3615 879 3668 αὐτῶν
926 3615 1019 3664 endum
1039 3615 1106 3679 quod
1127 3615 1152 3662 b.
1174 3613 1265 3664 Paulus
1280 3631 1397 3681 umquam
1416 3618 1509 3667 Laodi-

298 3701 398 3763 Παύλῳ.
432 3699 459 3751 oti
475 3700 526 3763 γὰρ
544 3700 611 3748 εἶπεν
629 3697 699 3760 “τὴν
715 3698 774 3763 προσ
789 3698 876 3747 Auobr-
926 3697 1041 3747 censibus
1060 3697 1167 3748 misisset
1188 3698 1338 3763 epistolam;
1367 3701 1427 3765 quia
1448 3709 1509 3753 tunc

298 3781 381 3843 κέαν,”
396 3779 461 3831 ἀλλὰ
478 3777 546 3840 “riis
561 3782 588 3829 ἐκ
602 3781 742 3830 Λαοδικείας
750 3779 764 3802 ”
781 3769 877 3845 (piola)
926 3780 999 3842 [non]
1016 3779 1109 3830 diceret
1130 3779 1279 3844 ‘epistolam
1301 3781 1510 3842 Laodicensium:

297 3857 493 3926 γραφεῖσαν-(α
504 3874 608 3923 passage
619 3858 685 3908 cited
697 3858 878 3922 anonymously
926 3864 971 3912 sed
993 3863 1077 3928 potius
1102 3867 1180 3927 ‘quae
1203 3872 1240 3913 est
1263 3864 1295 3912 ad
1323 3864 1510 3916 Laodicenses.'

298 3947 324 3995 in
347 3939 471 3994 Cramer's
493 3940 589 3990 Catena
616 3939 659 4002 [vi.
679 3939 746 4006 3391,
766 3940 816 3988 and
833 3955 877 4004 ap·
926 3943 1031 4009 epistola
1048 3944 1114 3992 enim
1132 3945 1253 3993 mittentis
1269 3951 1313 4005 est,
1332 3961 1382 3994 non
1399 3947 1451 3996 eius
1466 3948 1507 3998 cui

297 4024 401 4091 pearing
419 4022 473 4070 also
493 4020 520 4068 in
541 4019 612 4076 Oec,
635 4020 716 4084 partly
734 4019 815 4069 under
834 4019 876 4068 the
926 4027 1039 4076 mittitur.
1076 4026 1120 4076 sed
1144 4027 1310 4077 laodicenses
1329 4029 1445 4092 apostolo
1461 4030 1508 4079 mi-

297 4117 372 4153 name
393 4099 423 4150 Of
442 4093 563 4159 Photius).
602 4097 658 4146 The
680 4097 784 4162 ⁰Pl¹¹10¹¹
804 4113 831 4146 ²⁵
850 4105 876 4146 1⁰
926 4117 1009 4159 serant
1033 4109 1165 4174 epistolam
1200 4109 1285 4175 aliqua
1318 4110 1509 4174 reprehensione

297 4186 341 4236 the
359 4181 502 4233 Laodicena
520 4179 602 4244 origin
621 4179 649 4228 of
669 4179 712 4230 the
740 4179 838 4244 Epislle
856 4179 876 4229 1⁵
927 4189 1004 4253 digna
1023 4189 1200 4246 continentem,
1226 4191 1449 4253 interrogantes
1472 4191 1508 4240 de

296 4263 449 4328 “distinctly
461 4261 592 4326 expressed
606 4259 632 4309 ln
644 4261 686 4310 the
703 4260 835 4325 rendering
851 4259 881 4310 Οἵ
928 4270 1149 4320 resurrectione
1167 4277 1350 4320 mortuorum
1367 4279 1392 4320 et
1403 4271 1435 4320 de
1445 4287 1508 4322 non-

297 4367 340 4418 ὼε
357 4361 479 4415 peshpffl’
500 4339 742 4442 (ffifflffiffiq
781 4346 876 4416 ,ξφα
927 4352 1002 4401 nullis
1013 4351 1069 4401 aliis
1080 4351 1275 4416 quaestionibus.
1297 4352 1364 4402 hanc
1375 4352 1508 4416 epistolam

299 4447 515 4562 (ΚΑ-ΜΔ
548 4475 699 4567 (fn-es·
736 4476 875 4542 ugh'soet'
925 4432 1509 4580 hllhiddtsthlntsrilcffidttlohhrstillldrdthosdihrlh,
