3330 5238
294 372 355 436 160
615 382 843 434 ansononus
867 383 1159 434 mopsuestenus
1264 368 1343 454 [111.
1365 367 1500 443 16-19.

289 579 387 622 onem
413 560 627 643 explicabant
648 561 888 644 magnitudinis
903 561 1030 644 gratiae
1048 559 1111 622 Dei
1128 559 1215 622 illius
1233 578 1319 640 quae
1341 577 1420 638 erga
1439 574 1502 617 nos

288 660 377 724 sacta
399 683 471 725 esse
494 665 676 727 uidebatur.
721 664 785 726 hoc
801 684 879 726 uero
895 664 929 726 in
945 663 1019 726 loco
1034 662 1115 726 illud
1139 672 1216 744 post
1237 661 1501 724 interiectionem

289 788 468 845 resumens,
492 767 556 830 hoc
576 769 665 844 dicit,
681 768 840 849 quoniam
859 772 931 849 ‘pro
946 765 998 828 his
1014 765 1169 828 omnibus
1184 785 1270 846 quae
1286 764 1382 826 nobis
1405 783 1501 845 prae·

290 874 382 950 stit-it,
406 873 491 934 sicut
513 871 675 952 praedixi,
698 870 776 952 quia
800 870 846 932 sic
870 878 947 932 sunt
970 887 1093 950 magna
1108 877 1142 930 ct
1157 867 1376 930 demiratione
1397 866 1502 948 digna

258 985 323 1051 set
350 974 489 1038 nimium
519 973 694 1055 praeclara,
720 993 780 1055 per
805 971 935 1052 singula
959 978 1131 1033 momenta
1156 989 1266 1052 genua
1291 967 1389 1032 flecto
1413 969 1500 1050 patri

291 1073 422 1150 Christi,
439 1094 540 1156 quem
561 1075 670 1136 omnis
693 1073 907 1154 congregatio
925 1071 994 1134 siue
1011 1091 1144 1151 eaquae
1159 1069 1194 1132 in
1208 1070 1305 1132 caelis
1318 1080 1367 1132 est
1379 1068 1449 1132 siue
1462 1089 1501 1130 en

289 1187 473 1258 qnaesuper
484 1187 606 1239 terram
617 1186 670 1253 est,
684 1175 853 1258 proprium
866 1183 965 1250 uocat
980 1183 1013 1236 et
1026 1173 1181 1236 aestimat
1197 1192 1269 1235 esse
1281 1170 1500 1235 dominunrl*

355 1279 435 1360 quid
451 1278 667 1360 depostulans
683 1277 726 1340 ab
742 1275 801 1339 eo?

355 1429 394 1483 ut
405 1419 458 1484 det
472 1419 561 1484 nobis
574 1419 745 1482 secundum
759 1418 898 1482 diuitias
907 1417 1035 1500 gloriae
1047 1437 1125 1481 suae
1145 1417 1301 1481 uirtutem
1321 1415 1504 1498 confortari

240 1543 279 1591 10
284 1530 346 1601 per
361 1520 525 1602 Spiritmn
540 1520 608 1584 eius
623 1521 658 1583 in
674 1521 859 1584 interiorem
879 1519 1060 1592 hominen·
1082 1519 1230 1583 habitare
1253 1517 1419 1583 Cnrzsnem
1439 1527 1501 1598 per

281 1625 385 1708 fidem
401 1623 437 1688 in
451 1624 597 1688 cordibus
612 1623 753 1698 vestris,·¹
771 1623 805 1686 in
820 1622 956 1685 caritate
971 1622 1112 1685 radicati
1125 1632 1157 1684 et
1161 1620 1313 1703 fundati.

357 1759 501 1842 ‘postulo
516 1757 646 1842 (inquit)
659 1759 701 1822 ab
717 1779 766 1836 e0,
783 1768 819 1821 ut
834 1758 1017 1834 secundum
1033 1777 1127 1822 suam
1143 1758 1328 1822 bonitatem
1341 1756 1501 1838 praebeat

291 1864 387 1925 uobis
414 1863 557 1944 Spiritus
577 1863 728 1944 gratiam,
750 1870 786 1923 ut
807 1859 981 1924 confirmet
1001 1880 1061 1922 uos
1090 1862 1123 1923 in
1148 1881 1188 1923 ea
1210 1881 1295 1943 quae
1316 1863 1499 1924 secundum

293 1963 462 2026 Christum
487 1972 537 2025 est
564 1962 645 2038 fide;
669 1963 716 2025 ita
742 1972 778 2025 ut
798 1961 993 2026 aestimetur
1012 1963 1102 2024 idem
1122 1962 1307 2026 inhabitare
1326 1963 1360 2024 in
1381 1964 1500 2026 uestris

241 2085 276 2151 15
293 2063 420 2138 animis,
445 2063 540 2126 uobis
566 2083 645 2144 erga
669 2082 745 2125 eum
772 2062 974 2127 habentibus
999 2064 1190 2154 caritatem,
1208 2063 1303 2145 quasi
1328 2065 1499 2145 quandam

293 2163 437 2226 radicem
453 2173 486 2226 et
502 2162 756 2226 fundamentum
773 2163 1015 2228 firmissimum!
1060 2175 1095 2228 et
1110 2164 1200 2227 aliud
1216 2165 1338 2227 adicit:

356 2314 395 2368 ut
401 2303 534 2385 possins
546 2304 802 2384 comprehendere
815 2325 887 2368 cum
902 2307 1050 2370 omnibus
1062 2307 1191 2382 sanctis,
1207 2328 1288 2389 qnae
1301 2307 1348 2370 sit
1361 2307 1501 2371 latitudo

291 2412 322 2466 et
336 2403 499 2486 longitudo
517 2414 549 2466 et
561 2406 763 2487 prrsfundum
778 2417 810 2469 et
822 2408 980 2484 altitudo,·
1001 2429 1179 2490 cognoscere
1192 2409 1291 2472 etiam
1305 2410 1501 2491 superemin-

292 2517 395 2570 entem
408 2507 557 2571 scientiae
570 2509 738 2572 caritatem
757 2509 887 2574 cernei.

239 2721 282 2769 20
295 2691 336 2757 τὰ
348 2692 551 2780 προκείμενα,
563 2693 712 2775 διήγησιν
727 2693 846 2783 ἔχοντα
861 2697 919 2761 τοῦ
932 2695 1087 2778 μεγέθους
1102 2699 1158 2774 τῆς
1174 2695 1250 2779 περὶ
1265 2693 1349 2780 ἡμᾶς
1365 2697 1501 2782 χάριτος

294 2797 349 2859 τοῦ
368 2795 449 2874 θεοῦ,
467 2796 608 2862 ἐνταῦθα
631 2795 664 2862 δὲ
684 2794 761 2862 αὐτὸ
785 2797 867 2877 μετὰ
884 2799 926 2863 τὰ
949 2797 1187 2883 παρεντεθέντα
1202 2797 1390 2876 ἀναλαβών,
1405 2801 1501 2865 τοῦτο

294 2898 392 2981 λέγει,
407 2897 459 2963 ὅτι
482 2897 581 2985 *ὑπὲρ
604 2899 726 2965 τούτων
743 2898 900 2966 ἁπάντων
922 2897 965 2965 ὧν
987 2898 1065 2980 ἡμῖν
1086 2899 1260 2987 παρέσχεν,
1280 2900 1335 2966 καὶ
1358 2900 1400 2970 uis
1420 2927 1502 2986 προ-

296 3007 387 3068 εῖπον
407 2999 506 3070 οὕτως
522 3001 621 3068 ὄντων
642 3004 794 3085 μεγάλων
817 3001 872 3068 καὶ
896 3003 1099 3084 θαυμαστῶν,
1121 3003 1279 3070 ἑκάστοτε
1300 3007 1501 3090 προσπίπτω

295 3109 341 3191 τῷ
366 3103 468 3191 πατρὶ
494 3108 552 3169 τοῦ
577 3106 733 3187 Χριστοῦ,
761 3102 798 3169 ὃν
824 3103 913 3171 ἅπαν
938 3104 1092 3186 σύστημα
1119 3107 1183 3171 εἴτε
1209 3107 1242 3171 ἐν
1268 3107 1416 3193 οὐρανοῖς
1438 3109 1502 3173 εἴτε

240 3237 259 3282 2
263 3233 279 3301 5
296 3207 348 3271 ἐπὶ
364 3209 424 3290 γῆς
439 3205 554 3272 οἰκεῖον
569 3211 715 3273 καλεῖτε
729 3207 784 3272 noi
798 3205 924 3290 ἡγεῖται
940 3205 1120 3289 &commovi

347 3363 595 3429 rexplioabatCH
654 3365 753 3428 5flecti
767 3366 827 3416 CH
884 3364 1354 3430 6ChristoC*Hlet(joreen⁰)C
1409 3380 1501 3431 peon-

295 3445 387 3495 fortare
400 3446 455 3495 CH
520 3461 547 3495 11
567 3447 688 3497 fidemH
749 3466 777 3499 οι
797 3447 864 3510 adrui
873 3449 940 3507 cod,
952 3449 994 3499 Cr.
1069 3463 1099 3497 aa
1118 3449 1222 3509 παρεῖχε
1232 3449 1289 3497 edd.
1306 3449 1311 3507 Ι
1326 3449 1446 3512 προειπὼν
1457 3447 1500 3496 Cr.

296 3540 326 3589 25
344 3528 454 3576 καλεῖται
465 3529 532 3586 cod.‚
544 3529 602 3578 edd.

330 3659 352 3709 5.
370 3647 445 3710 patri
461 3648 569 3710 Christe]
603 3649 651 3699 See
665 3667 703 3701 vv.
721 3650 758 3708 tl..
773 3652 822 3700 and
839 3650 871 3701 ci.
925 3651 1025 3715 regards
1052 3651 1079 3710 ἐξ
1106 3647 1309 3715 οὗ...ὁνσμάςεται
1335 3666 1363 3700 ns
1390 3650 1448 3710 εὲξ
1475 3650 1504 3701 οὕ

296 3727 339 3777 the
357 3729 416 3788 Gk..
438 3729 520 3780 which
538 3731 650 3797 disposes
666 3733 695 3782 ol
711 3733 798 3782 Pitra's
815 3748 874 3782 con·
924 3735 991 3782 ἐστὶν
1000 3770 1059 3782 ......
1069 3734 1229 3792 ὀνομαζομένην
1257 3732 1299 3792 (cs.
1327 3732 1344 3780 i.
1372 3733 1423 3793 er).
1469 3733 1501 3782 In

293 3812 389 3876 jecture
400 3811 455 3861 that
466 3814 508 3863 the
519 3815 628 3866 euthor's
646 3823 697 3865 text
714 3815 817 3865 omitted
832 3813 876 3863 rori
924 3814 1004 3863 either
1019 3830 1075 3863 cese
1093 3813 1125 3862 he
1140 3814 1186 3862 hes
1200 3815 1265 3864 been
1283 3815 1325 3864 led
1340 3815 1394 3863 into
1408 3829 1441 3862 un
1456 3830 1500 3863 un·

296 3910 319 3940 κ.
338 3891 403 3951 ἡμῶν
417 3889 444 3941 'L
465 3893 507 3953 X.,
526 3895 576 3942 arrd
594 3895 648 3944 that
664 3894 696 3943 lre
713 3894 831 3944 intended
848 3903 874 3944 to
924 3895 1080 3958 satisfactory
1095 3894 1283 3958 interpretation
1299 3893 1386 3958 hythe
1401 3893 1500 3956 exigen-

189 3995 192 3998 ·
297 3970 560 4037 tuentifyrtmrtpa
572 3975 784 4025 wtthOurLord
926 3973 976 4023 cies
995 3973 1024 4022 os
1042 3973 1081 4023 his
1100 3973 1250 4036 conjecture.
1285 3975 1333 4024 See
1355 3973 1442 4032 above,
1468 3989 1501 4022 on

330 4054 353 4105 6.
393 4073 464 4120 oseem
482 4057 563 4105 omnis
579 4058 737 4121 congregan‘o,
758 4057 816 4119 dte]
850 4057 877 4105 tt
923 4073 945 4106 c.
964 4058 989 4106 ii.
1005 4072 1045 4106 er.
1079 4059 1135 4107 The
1153 4057 1284 4106 translator
1303 4055 1348 4105 has
1366 4057 1427 4106 used
1446 4073 1502 4105 con-

297 4138 346 4188 this
357 4137 440 4188 clause
455 4139 475 4188 is
491 4139 607 4189 intended
620 4139 836 4202 asaperaphrase
847 4138 877 4187 of
920 4139 1030 4202 gregatis
1050 4147 1076 4187 to
1098 4145 1223 4202 represent
1244 4137 1305 4186 both
1326 4137 1432 4198 pperpto
1451 4137 1502 4185 and

296 4219 322 4278 ἐξ
336 4216 545 4276 nannenten,
558 4219 607 4268 Th.
619 4218 698 4268 either
709 4219 873 4268 understands
924 4221 1045 4278 σύστημα,
1058 4218 1096 4267 for
1113 4217 1155 4267 the
1171 4217 1244 4267 latter
1261 4216 1289 4266 ol
1304 4216 1385 4266 which
1402 4216 1434 4266 be
1451 4217 1501 4266 had

296 4300 339 4350 the
351 4301 410 4349 verb
425 4308 450 4348 to
464 4315 537 4350 mean
550 4300 660 4350 ‘derives
671 4301 702 4349 its
714 4316 787 4350 nume
797 4301 869 4361 from,
924 4299 1056 4362 employed
1067 4300 1169 4348 collectae
1180 4299 1205 4348 in
1218 4315 1242 4363 p.
1255 4313 1307 4364 159,
1321 4299 1339 4346 l.
1352 4301 1375 4348 8.

296 4397 324 4430 as
346 4389 464 4446 property
488 4380 552 4429 from
575 4381 607 4430 its
631 4379 733 4439 owner,¹
758 4382 807 4430 and
833 4397 868 4441 so,
959 4383 997 4430 18.
1025 4381 1339 4444 prestandumetaln'tudo]
1367 4379 1423 4430 The
1434 4397 1503 4430 same

300 4461 375 4510 ‘does
393 4463 506 4524 homage,
525 4476 595 4509 owns
617 4460 693 4522 sealty
709 4459 765 4520 to;’
791 4477 820 4509 or
839 4461 871 4510 he
923 4464 996 4514 order
1015 4465 1035 4513 is
1053 4464 1175 4513 observed
1194 4465 1218 4512 in
1239 4465 1281 4512 the
1300 4479 1390 4512 comm.
1410 4463 1502 4512 below.
