3292 5206
153 400 259 484 I.18.]
519 415 561 466 m
586 415 639 468 nr.
662 393 713 467 Αἰ)
736 413 1023 468 εοιοεετττετε.ῑ
1298 413 1361 480 273

151 582 270 648 horum
286 579 497 651 confirmaret
514 587 800 671 magnitudinem
823 588 998 672 etiterum
1022 586 1157 650 recurrit
1174 582 1222 648 'ad
1245 572 1362 649 huina-

84 676 90 690 '
153 705 239 763 nam,
252 695 286 750 et
301 687 437 769 quidem
453 689 547 771 quasi
563 691 606 753 de
622 710 688 753 uno
704 691 816 753 omnia
833 689 867 752 in
883 687 941 752 illa
956 679 1228 771 parte-epistolae
1239 686 1361 750 dicens

151 788 215 851 hoc
242 799 276 853 et
302 789 335 852 in
361 791 543 874 euangeliis
569 793 712 856 eundem
736 792 920 856 Dominum
947 811 1047 874 saepe
1073 789 1189 854 secisse
1215 790 1363 854 inueniet

152 891 236 972 quis,
261 891 294 955 in
320 890 384 954 illis
408 893 615 957 sermonibus
641 914 727 977 quae
751 894 794 957 de
818 889 857 956 'se
884 893 1010 956 dixisse
1034 892 1186 968 uidetur;
1212 891 1302 974 quod
1328 900 1362 955 et

152 994 281 1057 cautius
304 994 379 1076 quis
409 1016 644 1078 recognoscere
668 998 801 1080 poterit,
826 997 853 1059 si
882 995 1188 1078 interpretationem
1213 1003 1361 1058 nostram
1385 1001 1413 1069 ’5

152 1096 323 1160 decurrere
354 1097 495 1162 uoluerit
526 1101 558 1162 in
590 1099 680 1163 illam
708 1111 836 1182 partem
867 1099 1032 1183 euangelii
1065 1099 1232 1177 Iohannis,
1259 1119 1360 1183 quam

152 1209 251 1281 super
266 1199 452 1283 paralytico
467 1212 583 1267 curato
598 1203 640 1267 ad
659 1203 804 1267 Iudaeos
818 1202 949 1267 locutus
964 1203 1065 1266 fuisse
1081 1203 1220 1267 uidetur.
1265 1204 1311 1265 sic
1327 1211 1362 1265 et

152 1303 216 1367 hoc
232 1305 265 1367 in
281 1304 354 1369 ioco
370 1315 573 1370 memoratus
589 1317 639 1371 est
654 1306 789 1370 diuinae
804 1314 951 1381 naturae,
966 1314 1005 1369 ut
1023 1306 1067 1369 ab
1087 1305 1144 1368 illa
1159 1306 1362 1387 magnitudi-

153 1425 229 1468 nem
254 1406 385 1470 illorum
410 1408 584 1472 confirmet
606 1429 693 1492 quae
712 1429 790 1491 erga
811 1406 983 1472 hominem
1005 1414 1092 1474 sunt.
1135 1406 1260 1471 exinde
1282 1423 1361 1468 uero

153 1507 272 1573 iterum
288 1512 424 1575 recurrit
439 1511 481 1575 ad
498 1511 667 1576 hominem
684 1512 817 1577 dicens:
1378 1520 1417 1570 10

216 1648 247 1701 et
262 1637 325 1721 ipse
338 1649 385 1702 est
397 1649 493 1722 caput
505 1640 643 1724 corporis
656 1639 804 1704 ecclesiae.
884 1653 887 1664 “

217 1753 281 1817 hoc
297 1763 367 1826 est:
391 1755 508 1820 ‘istum
525 1759 558 1820 in
574 1779 641 1841 quo
656 1759 770 1822 omnia
784 1765 895 1820 creata
910 1765 995 1832 sunt,
1011 1763 1111 1842 caput
1127 1752 1284 1821 adscribit
1298 1753 1361 1818 sibi

62 1851 65 1860 ‘
154 1857 187 1920 in
204 1877 381 1923 commune
396 1861 542 1936 ecclesia,
557 1882 678 1944 corpus
700 1863 770 1927 eins
791 1881 850 1944 per
872 1859 1053 1947 spiritaiem
1076 1861 1360 1943 regenerationem

153 1959 279 2037 effecta,
310 1981 397 2048 quae
427 1961 569 2030 formam
598 1965 701 2030 habet
735 1965 865 2032 suturae
896 1963 1148 2041 resurrectionis,
1178 1963 1361 2027 secundum

154 2083 254 2146 quam
270 2067 515 2132 communicare
530 2068 560 2130 ei
576 2077 746 2150 sperantes
761 2077 795 2135 et
810 2069 988 2156 participes
1004 2068 1074 2131 eius
1090 2067 1160 2132 fieri
1181 2065 1362 2130 inmortali·
1379 2081 1414 2149 15

153 2169 233 2231 tatis
249 2168 407 2252 baptizati
423 2169 572 2254 [sumus],
584 2172 678 2255 quasi
690 2172 831 2251 sormam
848 2172 1019 2255 quandam
1030 2170 1161 2238 illorum
1177 2168 1362 2252 implentes,

153 2292 294 2354 quorum
320 2274 473 2357 princeps
497 2273 567 2357 ipse
594 2276 690 2339 nobis
715 2277 837 2340 extitit
882 2296 923 2339 ea
949 2296 1028 2359 ergo
1052 2277 1181 2340 ratione
1204 2285 1239 2340 et
1260 2287 1362 2362 caput

153 2377 246 2440 illum
262 2378 481 2443 adscribimus
495 2378 608 2444 nobis!
644 2379 734 2444 unde
748 2368 868 2444 adicite

218 2505 277 2587 qui
288 2515 336 2572 est
352 2504 590 2591 [principium]
604 2505 843 2592 primogenitus
856 2527 895 2569 er
908 2504 1054 2582 marteres,

205 2647 402 2710 sinuenieturr
534 2648 611 2714 4qui
623 2645 755 2713 (forqnis)
768 2665 784 2698 r
929 2645 1155 2698 8inhocinloc0
1169 2645 1204 2696 C'
1218 2644 1223 2710 Ι
1238 2645 1362 2710 magnitu-

154 2729 213 2781 dine
227 2729 292 2779 CH
298 2746 314 2778 r
394 2743 410 2792 9
426 2744 485 2792 erga
496 2728 626 2778 hominum
641 2729 706 2779 CH
732 2743 792 2792 ergo
803 2725 934 2776 hominum
946 2743 962 2774 r
1029 2741 1057 2789 ¹3
1075 2725 1101 2776 in
1112 2727 1239 2776 communi
1253 2727 1360 2787 thorr)

158 2809 186 2860 16
203 2825 288 2860 sumus
302 2826 341 2859 om
356 2810 377 2858 C
387 2811 420 2858 H
428 2826 444 2859 r

187 2933 211 2983 6.
243 2951 320 2999 quam
336 2943 411 3003 super
420 2936 569 3002 paralytico,
585 2935 643 3000 &ol
670 2951 692 2986 c.
706 2951 731 2983 v.
784 2938 811 2987 S.
830 2938 893 2988 aiter
915 2935 1004 2990 Easter
1024 2935 1046 2984 is
1067 2934 1161 2986 known
1182 2949 1210 2983 ss
1232 2933 1248 2994 ἠ
1271 2953 1292 2984 κ.
1317 2935 1361 2983 τοῦ

157 3031 258 3081 17-47.
295 3018 351 3068 The
366 3025 450 3068 extant
466 3016 601 3082 fragments
615 3018 645 3068 oi
659 3015 732 3068 Th’s
783 3017 931 3077 ααραλύτου,
940 3015 1005 3064 from
1016 3013 1065 3064 this
1077 3013 1168 3064 lection
1177 3011 1276 3077 (Nede,
1285 3009 1361 3062 ME.

153 3115 243 3150 comm.
269 3115 302 3148 on
325 3098 375 3150 this
396 3115 500 3164 passage
522 3097 573 3162 (see
595 3098 729 3158 Fritzsche‚
786 3098 832 3149 Ch.
845 3111 863 3147 1.
880 3109 935 3162 734,
950 3109 1013 3162 750:
1031 3095 1162 3156 Matthaei,
1176 3095 1193 3146 i.
1206 3096 1271 3160 537).

153 3198 178 3247 p.
205 3179 246 3245 2⁶)
268 3181 302 3232 do
323 3189 368 3233 not
389 3181 450 3230 bear
470 3195 540 3244 upon
561 3179 604 3230 the
626 3179 731 3243 subject.
819 3189 856 3227 re.
885 3178 962 3227 istum
981 3177 1010 3226 in
1029 3191 1084 3241 quo,
1105 3174 1164 3237 δια]
1199 3176 1270 3226 ⁴'ihe
1291 3175 1362 3227 homo

155 3263 205 3315 His
226 3262 337 3314 remarks
358 3275 416 3326 may
433 3261 498 3314 heve
518 3261 583 3311 been
601 3262 678 3311 based
698 3277 731 3312 on
781 3263 904 3322 suscepere
924 3257 946 3308 is
970 3255 1013 3308 the
1038 3255 1114 3306 Head
1137 3253 1167 3304 of
1185 3253 1228 3304 the
1248 3255 1359 3318 Church,

152 3360 193 3394 vv.
221 3345 259 3400 ιδ,
283 3360 320 3408 23,
343 3342 430 3407 26-7.
473 3343 505 3392 In
526 3341 668 3406 describing
689 3339 732 3392 the
783 3339 1036 3389 whichhesbecome
1053 3336 1102 3387 His
1113 3338 1185 3401 Body
1196 3336 1303 3403 through
1318 3339 1361 3388 the

153 3428 276 3494 impotent
287 3443 347 3477 man
357 3434 383 3477 at
395 3427 520 3476 Bethesda
533 3441 560 3475 as
571 3441 587 3474 a
596 3425 729 3489 paralytic,
782 3420 894 3485 spiritual
909 3419 1081 3484 regeneration
1095 3417 1125 3468 of
1139 3417 1258 3484 Baptism,
1273 3435 1288 3468 a
1302 3427 1361 3485 type

87 3501 92 3508 ¹
153 3511 316 3564 Tbexceeds
328 3512 370 3561 the
380 3511 463 3560 words
471 3510 504 3560 'oi
510 3509 554 3560 the
565 3509 667 3574 Gospel‚
681 3508 731 3558 and
779 3504 812 3566 ¹of
835 3502 867 3553 its
889 3503 970 3555 future
992 3500 1168 3567 participation
1190 3500 1217 3550 in
1243 3501 1293 3550 His
1314 3502 1360 3551 im·

152 3591 253 3658 departs
264 3591 327 3642 from
335 3591 378 3642 the
386 3589 496 3654 heading
504 3589 533 3638 oi
540 3586 730 3650 thereothotou,
781 3583 872 3637 mortal
898 3581 957 3632 life!
1002 3582 1044 3633 On
1071 3582 1208 3647 spin'ralem
1236 3598 1360 3647 regenera-

152 3673 235 3723 which
246 3689 297 3723 was
313 3672 404 3738 simply
416 3673 469 3734 sepi
482 3668 526 3722 τοῦ
539 3668 591 3734 [τὰ]
606 3667 730 3734 τριάκοντα
779 3668 870 3716 &mm
892 3665 924 3715 ci.
944 3663 1012 3715 Th’s.
1032 3679 1123 3715 comm.
1143 3680 1176 3714 on
1196 3665 1224 3715 S.
1240 3665 1306 3729 John
1323 3665 1360 3714 iii.

153 3757 192 3805 nni
210 3751 272 3806 timei
287 3756 331 3815 ἔτη
347 3757 446 3816 ἔχοττος
464 3755 491 3803 ἐν
509 3751 540 3816 τῇ
557 3750 670 3814 ἀσθενείᾳ
687 3751 730 3816 (cf.
781 3763 808 3812 5:
836 3745 878 3798 τὸν
903 3740 992 3810 τρόπον
1019 3744 1156 3808 ἐξηγήσατο
1182 3749 1226 3808 τῆς
1253 3744 1291 3796 διὰ
1317 3745 1362 3797 τοῦ

152 3854 177 3888 v.
195 3835 234 3902 5);
257 3839 312 3900 περὶ
327 3833 371 3885 τοῦ
384 3833 547 3899 παραλοτικοῦ
563 3851 676 3901 appears,
692 3835 729 3885 in·
779 3831 948 3893 βαπτίσματος
958 3826 1146 3894 ἅναγεννήσεως,
1159 3826 1203 3878 τοῦ
1215 3830 1259 3888 μὲν
1274 3829 1360 3881 ὕδατος

151 3919 224 3978 deed,
246 3934 338 3983 among
355 3919 398 3970 the
415 3919 493 3968 τίτλοι
511 3917 541 3969 oi
559 3918 620 3968 each
639 3917 669 3968 os
687 3917 730 3968 the
780 3907 975 3973 ἐνῷτληροῦται
986 3907 1015 3959 τὸ
1025 3912 1097 3973 ἔργον
1105 3905 1188 3970 εἰπών,
1199 3906 1243 3959 τοῦ
1251 3911 1277 3960 δὲ
1289 3910 1360 3962 nni-

153 3999 205 4050 first
227 4001 297 4050 three
314 4000 421 4064 Gospels
443 3999 501 4062 (Mt.
524 3999 556 4049 ix.
580 4001 680 4050 2=Mc.
704 4017 728 4048 v.
779 4011 854 4054 ματος
870 3997 897 4044 ἐν
911 3990 947 4055 r&
963 3993 1032 4043 ὕδατι
1045 3991 1090 4052 τὴν
1106 3993 1193 4042 οἰκείαν
1213 3990 1359 4056 τληροῦοτος

154 4079 264 4143 3=Lue.
282 4095 305 4129 v.
328 4081 375 4142 ιθ),
394 4080 440 4128 but
458 4079 484 4128 in
501 4079 651 4130 connection
669 4078 729 4128 with
780 4071 963 4138 ἐνέργειαν...τὸ
985 4071 1048 4136 ὕδωρ
1073 4075 1100 4122 ἐν
1121 4073 1186 4134 τάξει
1206 4069 1250 4134 τῆς
1270 4073 1360 4136 μητρὸς

152 4160 296 4211 edisserent
311 4159 430 4210 incident.
463 4161 584 4210 Thdoes
595 4168 647 4221 not,
661 4160 730 4210 how·
780 4155 911 4221 [μήτρατῗ]
935 4156 1095 4218 λαμβάτεται,
1119 4153 1148 4206 τὸ
1170 4157 1195 4206 δὲ
1218 4153 1311 4217 veina
1331 4159 1359 4208 ἐν

152 4258 219 4300 ever,
230 4244 304 4293 stand
315 4243 389 4292 alone
399 4242 426 4291 in
436 4241 476 4302 his
486 4241 550 4291 view
561 4241 591 4292 oi
602 4243 646 4292 the
657 4258 713 4292 cese
722 4259 730 4304 ς
779 4239 845 4301 τάξει
855 4236 899 4289 τοῦ
910 4238 1099 4291 διατλάττοττοτ
1109 4237 1238 4290 δεσπότου.

151 4341 234 4392 comp.
255 4325 282 4377 S·
301 4323 390 4388 Chrys.
406 4323 456 4374 and
473 4324 500 4375 S·
517 4323 587 4388 Cyril
606 4323 678 4374 Alex.
698 4325 733 4374 ad
816 4339 854 4390 ¹9·
882 4321 1193 4388 quiestfflmogem‘tm]
1217 4322 1360 4375 'lincomis-

151 4408 271 4460 intend
286 4405 510 4472 Apollinariusnp.
526 4405 728 4466 Gordencaten,
780 4405 836 4455 sion
860 4404 889 4454 oi
910 4403 1068 4470 principium
1092 4403 1178 4456 before
1200 4403 1309 4470 primur.
1337 4404 1359 4456 is

152 4504 179 4554 p.
194 4504 245 4552 143.
283 4488 314 4537 In
332 4487 375 4536 the
392 4487 497 4536 Eastern
513 4483 613 4536 Church
629 4483 671 4535 the
686 4485 729 4548 5rd
781 4487 904 4550 probably
930 4485 1077 4546 accidentnh
1107 4485 1157 4536 nod
1185 4485 1234 4536 due
1261 4494 1289 4538 to
1315 4487 1358 4538 the

241 4602 268 4652 s.
1234 4585 1271 4646 18
