3330 5238
295 319 356 386 154
469 371 472 376 ,
615 318 842 370 rasonoaus
866 317 1156 370 uorsuusrsuus
1301 304 1496 389 [111.1-4.

290 490 323 552 in
354 507 420 552 uno
450 489 630 553 consistere
659 488 828 554 aedificio!
874 509 952 553 nam
984 491 1074 571 quod
1104 491 1212 554 dixit:
1249 489 1286 552 in
1315 510 1376 572 quo
1404 509 1497 554 omne

290 601 410 655 tectum
435 602 623 672 coaptatum,
648 601 685 656 ut
707 592 797 656 dicat
822 593 943 655 ‘omnis
969 592 1054 675 lapis
1083 593 1139 674 qui
1165 594 1228 656 sub
1254 602 1344 657 tactu
1370 594 1461 658 cadit
1473 593 1495 672 ;'

290 715 311 757 a
340 695 485 776 quadam
515 695 716 777 proprietate
746 696 794 758 ita
822 675 943 772 diceas,
969 696 1003 758 in
1028 695 1143 758 ordine
1168 695 1324 759 uidelicet
1349 695 1496 760 hominis

290 793 436 875 lapidem
451 795 594 860 dicens*
859 781 864 790 ¹

259 913 274 981 5
356 907 389 960 et
404 899 561 979 quoniam
578 897 669 961 omni
685 918 729 960 ex
745 907 839 980 parte
854 897 966 960 retulit
976 897 1042 960 Dei
1057 898 1200 979 gratiam
1215 919 1301 981 quae
1317 899 1350 961 in
1367 920 1428 962 nos
1443 909 1496 964 est

291 1007 325 1061 et
345 999 589 1062 resurrectionis
604 999 731 1062 lucrum
743 1008 780 1076 ,et
796 998 925 1061 illorum
949 1019 1035 1080 quae
1054 1009 1276 1081 expectamus
1292 1000 1494 1082 magnitudi-

291 1120 376 1179 nem,
393 1101 508 1165 adicit:

354 1243 453 1306 huius
475 1243 525 1307 rei
540 1243 657 1326 gratia
679 1264 735 1326 ego
758 1243 893 1319 Paulus,
921 1244 1048 1306 uinctus
1074 1243 1199 1309 Christi
1220 1243 1294 1308 Iesu
1315 1256 1380 1327 pro
1406 1245 1497 1310 uobis

285 1342 443 1426 gentibus.

240 1476 279 1523 10
355 1473 390 1528 et
405 1484 471 1528 non
487 1464 576 1528 dixit
590 1464 646 1527 illa
661 1484 746 1546 quae
761 1463 858 1527 huius
874 1463 919 1528 rei
934 1465 1041 1546 gratia
1056 1465 1121 1528 dici
1142 1465 1299 1542 uoluerat,
1320 1467 1377 1530 sed
1398 1466 1494 1530 relin-

290 1587 395 1650 quens
415 1568 448 1630 in
468 1568 586 1631 ultimo
601 1569 671 1630 eius
687 1566 955 1650 supplementum
971 1569 1014 1631 ad
1031 1568 1111 1632 illud
1128 1571 1269 1634 cucurrit
1284 1572 1373 1652 quod
1389 1575 1495 1652 dixit;

291 1670 418 1734 uinctus
446 1681 509 1751 pro
537 1671 627 1735 uobis
649 1671 809 1753 gentibus.
867 1671 924 1735 illa
954 1691 1040 1753 quae
1070 1673 1355 1755 subsequebantur
1383 1680 1494 1757 adicit,

291 1776 470 1838 ostendens
496 1775 779 1857 quemadmodum
806 1773 852 1837 illi
875 1775 1039 1857 pertinere
1066 1776 1196 1840 uidetur
1218 1779 1369 1860 gentium
1393 1802 1495 1846 euan-

291 1875 423 1957 gelium,
440 1895 500 1958 pro
515 1895 581 1957 quo
596 1876 697 1939 etiam
713 1875 862 1938 uinctum
878 1897 915 1960 se
928 1897 1001 1939 esse
1015 1877 1112 1940 dicit:

239 2016 276 2084 ις
355 2001 387 2065 si
401 2013 507 2065 tamen
521 2001 661 2064 audistis
674 1999 937 2082 dispensatiemm
947 2003 1081 2085 gratiae
1092 2002 1157 2068 Dei
1163 2026 1243 2087 quae
1257 2007 1338 2072 data
1351 2019 1398 2072 est
1412 2010 1498 2074 mihi

291 2105 326 2169 in
343 2106 438 2181 uobis,
453 2105 605 2188 quoniam
626 2103 809 2188 [secundum
825 2104 1048 2169 reuelatienem
1064 2105 1188 2192 notum]
1204 2109 1336 2190 fastum
1351 2122 1399 2175 est
1411 2113 1498 2176 milei

290 2211 487 2293 mysterium,
515 2209 599 2272 sicut
613 2210 812 2291 praescripsi
840 2209 877 2273 in
897 2210 1063 2292 parribus,
1084 2221 1186 2292 prom
1202 2215 1336 2293 potestis
1361 2214 1496 2298 legentes

291 2315 468 2397 intelhgere
483 2310 694 2395 prudentiam
720 2333 825 2375 meam
850 2313 887 2375 in
909 2313 1096 2393 mysterium
1122 2314 1254 2382 Christi.

290 2477 389 2561 δομὴν
403 2477 575 2561 δεξάμενοι
620 2476 658 2542 τὸ
673 2476 708 2542 δὲ
722 2479 757 2544 ἐν
779 2477 899 2564 <ionica
917 2482 984 2558 tort
1004 2487 1323 2566 cruapuolororue'ua,
1341 2481 1392 2548 ἵνα
1407 2483 1494 2569 εἴπῃ·

236 2597 278 2645 20
290 2579 356 2648 πᾶς
370 2577 460 2650 λίθος
475 2576 540 2644 ὑπὸ
553 2575 640 2662 ἁφὴν
653 2577 795 2645 πίπτων·
840 2577 907 2646 dard
922 2606 1006 2650 τινος
1022 2579 1193 2664 ἰδιώματος
1215 2580 1314 2655 οὕτως
1338 2583 1444 2664 εἰπών,
1461 2584 1496 2650 ἐν

290 2678 380 2762 τάξει
395 2677 543 2760 δηλονότι
558 2677 730 2768 ἀνθρώπου
743 2679 801 2748 τὸν
814 2680 911 2748 λίθον
923 2681 1038 2764 λέγων.

340 2815 419 2879 3ista
430 2813 539 2879 (sorita)
554 2815 575 2864 C
589 2812 662 2878 (cerr)
744 2815 855 2880 5gratia
868 2815 904 2865 C*
919 2815 922 2881 Ι
938 2815 1011 2866 uobis
1025 2814 1131 2880 C(corr)
1211 2816 1240 2867 16
1256 2833 1304 2869 sec.
1319 2817 1495 2870 reuelnotum

289 2912 329 2946 om
343 2896 403 2945 CH
499 2905 528 2958 17
545 2895 676 2960 scripsiH
682 2893 687 2960 Ι
701 2895 787 2960 paucis
801 2888 822 2946 C
832 2897 907 2958 (cerr)
1006 2913 1038 2948 το
1055 2898 1158 2946 πίστεως
1170 2895 1227 2962 (sor
1236 2896 1342 2962 πίπτων)
1354 2900 1410 2950 edd.

325 3040 347 3073 1.
388 3039 460 3073 omne
494 3023 598 3085 tectum]
634 3024 703 3072 πᾶσι
729 3023 803 3084 ipris
831 3023 862 3074 ci
951 3039 989 3074 ro.
1022 3024 1161 3088 relinquens
1171 3025 1199 3074 in
1210 3025 1307 3087 ultime]
1332 3025 1382 3075 Th.
1390 3027 1494 3090 regards

290 3105 460 3170 p.153‚l.r5.
497 3105 640 3168 Icanonly
650 3112 756 3154 account
767 3104 805 3154 ior
816 3105 866 3154 this
916 3104 959 3153 the
974 3103 1061 3153 thread
1076 3103 1106 3154 oi
1120 3102 1163 3154 the
1178 3113 1308 3169 argument
1323 3120 1351 3154 as
1366 3106 1441 3154 taken
1458 3121 1494 3171 up

289 3187 399 3252 singular
407 3201 474 3236 error
482 3186 659 3251 bysupposing
667 3185 865 3248 thatTluwrote
916 3186 989 3249 again
1002 3185 1028 3234 in
1038 3183 1189 3250 verse14(p.
1203 3188 1256 3248 158,
1270 3185 1286 3236 l
1301 3184 1424 3250 rr.note).
1461 3185 1493 3235 In

290 3268 329 3318 his
350 3275 520 3331 commentary
541 3283 575 3316 on
596 3267 646 3318 this
667 3283 738 3317 verse
759 3268 865 3318 without
917 3263 966 3312 this
978 3261 1040 3312 view
1051 3261 1244 3312 heisiollowed
1255 3263 1289 3326 by
1297 3263 1386 3322 Thdt.;
1404 3262 1493 3327 Chrys.

290 3349 414 3399 reference
429 3357 457 3398 to
470 3348 511 3398 his
528 3349 615 3407 codex,
633 3349 684 3398 and
702 3349 756 3398 that
772 3347 805 3398 he
819 3349 865 3399 has
915 3345 1001 3394 would
1014 3343 1106 3408 supply
1120 3341 1239 3404 ἐγενόμην
1253 3344 1339 3394 beiore
1354 3342 1367 3393 o·
1383 3345 1493 3401 δέτμιοςι

290 3427 400 3476 blended
421 3441 443 3476 c.
465 3425 491 3474 ii.
515 3442 543 3478 ar
569 3427 595 3473 ἐν
620 3423 640 3486 ᾧ
661 3427 732 3476 adea
754 3427 866 3487 οἰκοδομὴ
917 3426 956 3474 διὰ
973 3424 1044 3474 τοῦτο
1062 3426 1101 3473 nal
1120 3425 1169 3488 ἐγὼ
1188 3426 1292 3486 δέδεμαι,
1313 3428 1395 3487 φησίν.
1430 3429 1493 3479 oec.

290 3509 533 3570 συναρμολογουμένη
549 3506 609 3557 with
628 3508 660 3557 iv.
684 3507 714 3558 16
731 3511 758 3569 ἐξ
775 3508 802 3558 οδ
817 3509 866 3560 πᾶν
916 3521 969 3557 sees
981 3507 1023 3556 the
1037 3507 1266 3570 ‘antapodosis’in
1279 3525 1302 3557 v.
1316 3510 1339 3558 8.
1374 3510 1494 3562 omres

289 3589 319 3639 τὰ
341 3589 411 3648 σῶμα
436 3587 758 3653 συναρμολογούμενον,δώ
785 3593 866 3651 πάσης
916 3587 1041 3637 readiness
1050 3594 1076 3637 to
1085 3587 1137 3636 find
1149 3589 1303 3652 parenthetic
1313 3594 1494 3643 constructions

291 3671 363 3731 ἁφῆς.
403 3670 453 3719 For
475 3670 597 3720 instance
619 3670 649 3719 oi
671 3671 817 3736 inaccuracy
839 3673 866 3722 in
915 3669 942 3718 in
971 3670 998 3721 S.
1022 3668 1105 3719 Paul's
1127 3670 1238 3734 writings
1259 3685 1301 3722 see
1323 3687 1377 3722 exx.
1401 3675 1490 3734 above,

274 3739 329 3801 ¹bis
356 3750 486 3816 quotation
508 3749 538 3799 oi
563 3749 690 3815 Scripture
717 3767 758 3800 see
785 3752 865 3802 above
915 3766 959 3816 pp.
974 3762 1011 3812 17,
1029 3765 1065 3816 19,
1082 3749 1120 3813 36.

291 3849 315 3898 p
331 3846 370 3894 54,
388 3831 404 3881 l.
419 3830 442 3891 6,
462 3839 539 3890 νοτες
556 3847 582 3895 p.
601 3831 641 3890 81,
657 3831 673 3880 l.
692 3849 715 3895 4,
729 3839 796 3882 note.
833 3833 865 3883 In
951 3829 987 3880 16.
1007 3831 1140 3879 secundum
1155 3831 1253 3882 reiielat.
1265 3833 1361 3894 netum]
1379 3833 1494 3884 Omitted

290 3915 334 3964 the
361 3919 459 3978 present
486 3927 590 3977 passage
617 3912 664 3961 Tb
690 3913 735 3962 has
757 3912 800 3962 felt
823 3913 865 3964 the
914 3914 949 3978 by
964 3914 1007 3963 the
1023 3929 1091 3963 error
1101 3913 1160 3963 oia
1179 3915 1268 3972 scribe,
1286 3917 1394 3981 perhaps
1406 3919 1433 3966 iu
1449 3918 1494 3970 the

291 3995 473 4045 awkwardness
490 3994 520 4043 of
531 3995 570 4043 his
585 4008 643 4044 own
659 4009 734 4054 error,
753 3994 804 4043 and
819 3995 865 4044 has
914 3993 1049 4058 archetype
1066 3993 1096 4044 oi
1113 4008 1159 4043 our
1178 4002 1228 4044 tvo
1247 3995 1324 4046 MSS.
1361 3997 1428 4046 ‘l'hat
1439 3999 1489 4048 Tb.

290 4076 381 4140 sought
398 4081 425 4124 to
442 4075 522 4126 lesseu
538 4075 558 4124 it
575 4075 608 4139 by
623 4075 750 4140 assigning
768 4082 794 4125 to
812 4073 865 4138 ἁφή
914 4078 975 4126 read
993 4079 1056 4126 κατὰ
1073 4078 1229 4141 ἀποκάλυψιν
1248 4079 1370 4140 ἐγινρίοθη
1386 4095 1494 4145 appears

290 4171 306 4206 a
324 4156 422 4221 passive
438 4169 516 4214 sense,
531 4155 597 4204 λίθον
611 4153 657 4202 ὑπὸ
677 4153 743 4215 ἁφὴν
759 4155 862 4204 πίπτων.
913 4157 977 4207 from
989 4157 1031 4207 the
1042 4172 1132 4207 comm.
1148 4157 1183 4221 (p.
1199 4168 1252 4220 155,
1267 4158 1284 4208 l.
1299 4159 1334 4224 9).

290 4237 716 4300 Ontheiormtaetumseep.170,
732 4237 748 4284 l.
761 4253 782 4297 1,
795 4243 863 4286 note.
949 4251 986 4300 ry.
1014 4239 1174 4302 praescripsi]
1207 4239 1293 4304 Vulg.,
1303 4247 1380 4304 supra
1395 4241 1490 4305 scripsi.

323 4334 345 4382 3.
381 4318 523 4382 aquodam
538 4315 696 4382 proprietate]
729 4317 769 4368 Cs.
782 4333 807 4382 p.
820 4319 859 4382 98,
914 4318 953 4369 Ci.
970 4319 1088 4378 Pauclrer,
1104 4320 1268 4369 meletlexist.
1282 4328 1389 4384 spec.‚p·
1402 4332 1425 4380 5.

290 4401 369 4460 lber,
385 4411 424 4462 ιτ.
836 4423 844 4438 ·
946 4401 974 4450 in
1008 4401 1138 4465 μαινιδίοις]
1181 4401 1234 4451 For
1259 4417 1315 4452 exx.
1344 4403 1377 4482 oi
1396 4402 1493 4454 similar
