3332 5210
279 307 340 369 '108
616 315 844 369 rasooouus
869 314 1161 367 mopsuesrsuus
1277 300 1349 386 [VI.
1370 317 1416 381 13,
1437 317 1483 380 14

342 511 397 554 nec
422 490 507 554 enim
533 490 572 554 ici
595 490 654 573 qui
680 488 862 554 circumcisi
884 499 965 552 sunt
985 489 1049 571 ipsi
1072 489 1171 570 legem
1197 486 1403 562 custodiunt;
1429 487 1491 551 scd

276 593 390 657 uolunt
404 615 460 656 uos
473 592 667 670 circumcidi,
684 603 722 656 ut
736 593 771 656 in
787 603 896 655 ucstra
910 611 1007 654 carne
1014 591 1208 672 glorientur.

342 739 518 822 ‘quoniam
535 739 642 802 multa
653 739 736 822 legis
752 748 931 822 praecepta
947 739 1178 821 praeuaricant
1193 733 1407 799 manifestum
1423 742 1483 798 est.

277 859 338 902 nec
361 840 452 903 enim
476 840 635 904 sacrificia
659 840 808 922 implent,
833 861 919 924 quae
942 841 1088 904 definitis
1112 841 1144 904 in
1172 839 1246 922 lege
1270 839 1375 902 tribus
1400 848 1484 901 tem-

244 957 259 1024 5
277 939 412 1022 poribus
428 961 536 1004 annue
552 943 585 1004 in
611 941 844 1005 Hierosolimis
863 943 1067 1007 adscendere
1083 942 1282 1018 adcelerant,
1299 942 1483 1007 secundum

278 1042 360 1124 legis
387 1054 611 1127 praeceptum.
656 1045 722 1109 alia
746 1047 847 1109 etiam
872 1045 1013 1128 plurima
1040 1046 1114 1128 quis
1138 1065 1195 1108 eos
1218 1045 1484 1127 praeuaricantes

277 1147 433 1223 inueniet,
463 1149 565 1212 modo
594 1150 621 1212 si
652 1149 829 1232 diligenter
869 1149 1079 1213 considerare
1116 1147 1265 1213 uoluerit.
1308 1149 1421 1232 itaque
1455 1148 1483 1210 si

277 1252 398 1316 affectu
429 1252 511 1337 legis
541 1253 823 1317 circumcisionem
861 1252 1021 1317 simulant
1058 1262 1181 1329 tenere,
1218 1253 1252 1316 id
1282 1271 1363 1333 erga
1400 1251 1484 1334 legis

278 1357 457 1430 ostendant
480 1357 679 1420 custodiam.
724 1357 752 1419 si
776 1365 889 1420 autem
918 1356 1027 1442 legem
1054 1354 1282 1436 praeuaricare
1306 1352 1484 1416 indiscrete

227 1455 477 1534 toadcelerant‚
505 1458 791 1539 quemadmodum
814 1478 874 1521 uos
897 1456 1181 1520 circumcisionem
1212 1457 1382 1540 suscipere
1410 1476 1484 1519 sua·

278 1561 383 1625 dent?
428 1561 565 1625 euidens
581 1571 632 1626 est
648 1562 806 1644 quoniam
823 1562 857 1623 in
880 1561 1051 1624 ablatione
1073 1561 1181 1624 carnis
1197 1570 1328 1624 uestrae
1342 1560 1482 1644 gloriam

278 1661 341 1726 sibi
371 1663 462 1746 apud
487 1665 640 1728 homines
671 1664 845 1728 conlocare
875 1663 1107 1746 deproperant,
1139 1671 1175 1727 ut
1205 1664 1250 1728 ab
1280 1663 1485 1736 aduersariis,

279 1768 373 1849 quasi
398 1767 577 1839 familiares
601 1768 739 1851 quidam
763 1767 845 1851 legis
867 1768 1059 1844 existentes
1076 1766 1200 1831 nullam
1220 1769 1483 1852 persecutionem

278 1871 466 1954 patiantur?
519 1871 720 1935 sufficienter
750 1891 830 1936 uero
853 1872 1033 1935 ostendens
1064 1871 1139 1936 illos
1161 1892 1228 1935 non
1253 1871 1374 1936 affectu
1401 1873 1484 1956 legis

227 1990 262 2057 15
279 1975 344 2038 ista
368 1996 476 2058 agere,
493 1996 511 2038 e
531 1974 695 2039 contrario
715 1995 776 2038 sua
798 1974 864 2039 illis
886 1973 1089 2038 contrasistit
1105 1994 1183 2039 cum
1201 1975 1313 2039 ualida
1333 1984 1367 2039 et
1386 1974 1485 2038 nimis

279 2079 518 2161 compendiosa
532 2078 749 2162 probatione:

344 2238 430 2302 milii
457 2249 565 2302 orclem
594 2237 681 2303 absit
700 2239 853 2320 gloriari,
878 2239 947 2302 m'si
970 2238 1006 2302 in
1028 2258 1118 2302 cruce
1141 2236 1269 2302 domini
1286 2239 1392 2304 nostri
1411 2239 1485 2304 Iesu

281 2339 429 2415 Cicuta·
444 2349 506 2420 per
518 2361 610 2422 quem
627 2339 710 2404 mrici
724 2339 865 2403 mundus
879 2340 1052 2424 cruczflcus
1066 2350 1120 2420 est,
1135 2350 1166 2404 ct
1178 2360 1233 2423 ego
1248 2341 1376 2407 mundo.

345 2490 431 2554 bene
460 2492 580 2575 posuit,
605 2490 691 2555 absit
700 2515 712 2571 ;
747 2492 826 2576 quia
852 2492 910 2575 qui
934 2493 1073 2556 deuotat
1097 2511 1143 2571 se,
1169 2512 1211 2554 ne
1241 2490 1421 2574 aliquando
1452 2493 1485 2557 in

223 2597 370 2667 zoaliud
400 2596 526 2680 aliquid
554 2616 715 2679 magnum
741 2597 850 2679 sapiat
878 2595 979 2678 cupit.
1026 2595 1105 2658 ‘sed
1129 2594 1212 2657 haec
1241 2595 1373 2680 (inquit)
1405 2595 1486 2661 mihi

279 2719 409 2781 semper
433 2700 572 2778 dignum
595 2698 721 2782 gloriae
753 2698 906 2781 reputari,
931 2698 965 2761 id
998 2707 1058 2774 est,
1093 2717 1224 2761 crucem
1265 2696 1396 2773 Christi,
1427 2718 1487 2780 per

279 2823 379 2885 quem
401 2803 481 2865 mihi
501 2822 658 2885 praesens
679 2803 823 2865 mundus
844 2801 975 2865 uidetur
990 2822 1062 2865 esse
1085 2809 1246 2878 mortuus,
1269 2801 1350 2865 dum
1373 2805 1486 2869 animo

279 2906 345 2969 iam
369 2906 424 2968 illa
444 2925 531 2987 quae
547 2903 656 2968 sutura
671 2915 750 2968 sunt
764 2903 945 2968 considero.
990 2923 1069 2966 nam
1085 2911 1120 2966 et
1136 2923 1198 2985 ego
1214 2904 1380 2985 praesenti
1398 2905 1487 2970 uitae

279 3027 353 3070 sum
369 3014 548 3084 emortuus,
565 3008 598 3070 in
616 3006 678 3069 illis
695 3009 761 3070 iam
778 3026 831 3069 me
846 3025 1042 3068 conuersare
1059 3005 1273 3071 existimans!
1301 3015 1334 3070 et
1350 3008 1485 3091 quidem

224 3129 262 3196 25
278 3108 343 3172 hoc
358 3109 400 3172 ad
417 3129 595 3192 praesens3
618 3129 706 3172 nunc
722 3129 801 3172 uero
816 3109 859 3173 ad
876 3106 932 3171 illa
948 3127 1036 3191 quae
1052 3107 1283 3190 inquiruntur:

329 3283 478 3347 sannuaC
591 3297 621 3349 19
637 3283 662 3333 in
674 3300 713 3334 om
727 3282 833 3349 Chen)
940 3299 970 3348 23
988 3283 1038 3333 iam
1057 3299 1096 3333 ons
1115 3285 1146 3333 H
1157 3281 1161 3348 Ι
1176 3283 1271 3334 mundo
1291 3283 1349 3362 (scr
1364 3284 1441 3346 uitae)
1459 3285 1493 3335 H

278 3381 311 3430 ‘³4
327 3365 393 3415 illius
410 3364 481 3415 C'H
493 3365 536 3414 illa
548 3366 572 3415 C
581 3364 655 3431 (corr)
669 3363 673 3429 1
689 3368 830 3416 conuersari
843 3363 949 3430 C(corr)

315 3537 335 3571 1.
366 3519 396 3571 hi
408 3520 453 3585 qui
468 3520 606 3570 circumcisi
618 3519 689 3581 sunt]
710 3521 732 3569 ol
749 3536 857 3583 περιτετ-
908 3515 1179 3580 contemnem„

279 3603 422 3664 μημένοιῼ)
455 3602 511 3652 The
526 3601 626 3666 printed
642 3609 708 3651 texts
724 3600 753 3650 oi
767 3601 855 3665 Chrys.
944 3613 980 3663 15.
1013 3599 1173 3661 contrasistit]
1191 3597 1336 3652 ἄντιτάσσει.
1374 3601 1425 3652 For
1445 3601 1489 3653 the

280 3686 330 3736 and
342 3685 419 3735 Thdt.
433 3685 470 3734 ad
476 3685 501 3734 h.
515 3685 532 3734 Ι.
550 3685 607 3749 give
619 3683 661 3733 the
673 3684 744 3733 other
755 3683 859 3747 reading
908 3683 1017 3732 intrans.
1030 3697 1101 3732 sense
1112 3682 1144 3732 cl.
1158 3683 1268 3745 Rbnsch,
1280 3685 1356 3745 Itala,
1371 3701 1397 3750 p.
1414 3687 1467 3748 187.

282 3771 314 3832 (ol
335 3763 557 3828 repromiseram
582 3767 632 3815 and
654 3765 697 3815 the
717 3773 772 3830 past
789 3773 858 3814 tense
944 3765 982 3814 18.
1005 3766 1142 3829 perquem]
1167 3767 1202 3816 So
1213 3767 1294 3816 below
1306 3767 1332 3815 in
1344 3767 1386 3817 the
1395 3782 1487 3816 comm.

280 3862 338 3910 may
356 3846 419 3895 heve
441 3846 505 3895 been
524 3844 626 3894 derived
644 3843 707 3893 lrom
725 3843 767 3894 the
784 3844 859 3893 Latin
909 3848 967 3909 Th,
981 3848 1105 3907 however,
1119 3847 1242 3912 probably
1254 3848 1404 3898 understood
1417 3846 1445 3897 δι’
1461 3846 1489 3897 οὗ

279 3929 372 3979 fathers
392 3928 517 3993 (Hieron,
539 3929 614 3991 Aug,
641 3927 795 3986 Ambrstr.);
816 3926 859 3976 the
909 3929 935 3978 in
953 3927 1077 3978 reference
1094 3937 1120 3978 to
1137 3929 1179 3979 the
1196 3945 1281 3978 crossi
1298 3945 1379 3994 comp.
1397 3929 1489 3979 Thdt.:

244 4054 248 4064 .
280 4012 355 4076 Vulg.
370 4011 415 4060 has
425 4010 468 4059 the
479 4018 584 4074 present.
910 4013 960 4072 ἐγώ
970 4012 995 4060 δὲ
1006 4013 1047 4059 ἐπὶ
1057 4009 1124 4073 μόνῳ
1134 4011 1169 4072 τῷ
1180 4013 1290 4074 σωτηρίῳ
1304 4013 1401 4076 σταυρῷ
1413 4029 1489 4074 psyc-

315 4108 337 4156 3.
361 4090 680 4156 praeceptapraeuacicant]
694 4091 741 4141 See
749 4090 858 4148 Ronsch,
910 4094 1035 4154 λοφρονεῖν
1057 4092 1166 4154 εὔχομαι.
1202 4091 1240 4141 διὰ
1258 4091 1345 4142 τοῦτον
1361 4091 1488 4157 [miscui]

280 4173 356 4230 Itala,
369 4188 393 4237 p.
408 4174 465 4235 298·
910 4173 1020 4236 πέριπός
1035 4192 1076 4234 μοι
1094 4175 1141 4224 πᾶς
1158 4175 1171 4223 ὁ
1187 4177 1240 4238 βίος
1257 4176 1298 4223 rol
1316 4175 1392 4237 νεκρῷ
1412 4192 1489 4237 rapu-

315 4269 338 4318 5.
371 4253 399 4302 in
419 4251 598 4311 Hierosolimis]
636 4250 729 4314 Comp.
748 4266 773 4315 p.
786 4250 826 4312 83,
840 4248 857 4298 l.
910 4257 1020 4315 πλήσιος,
1045 4257 1072 4305 οὐ
1093 4253 1166 4316 μόνον
1191 4257 1216 4306 δὲ
1239 4253 1310 4306 αὐτὸς
1335 4257 1395 4316 ἐμοὶ,
1421 4254 1490 4307 ἀλλὰ

284 4353 313 4402 ¹3
325 4353 371 4402 sq..
383 4335 433 4385 and
444 4335 522 4384 Thdt.
534 4335 570 4384 cd
577 4333 603 4382 h.
615 4333 633 4382 l.
645 4351 651 4383 r
669 4331 720 4383 rtis
730 4335 779 4394 γὰρ
791 4334 858 4381 ἔστιν
909 4333 978 4398 κάγὼ
994 4334 1072 4399 αὐτῷ·
1094 4340 1139 4400 τὴν
1157 4337 1206 4400 γὰρ
1222 4334 1344 4386 ἀθάνατον
1360 4337 1491 4400 προσμένον

281 4419 366 4468 αὐτοὺς
377 4415 485 4480 φυλάξαι
495 4418 537 4466 τὸν
545 4414 625 4479 νόμον,
637 4412 718 4480 πόρρω
728 4415 776 4464 utu
785 4414 858 4480 'Iopo-
909 4417 979 4478 ζωήν.
