3332 5210
175 383 231 447 IV.
247 385 277 460 6,
295 380 337 468 7.]
576 393 617 448 m
642 396 695 450 ur.
716 397 768 448 1ο
791 397 968 453 cataras.
1336 385 1377 466 63

172 569 242 633 iure
272 578 378 646 uocat
407 577 523 653 utpote
549 579 682 652 praeter
710 587 827 634 omnes
855 570 1007 634 homines
1046 572 1281 654 participatum
1319 571 1377 635 filii

171 671 397 754 adoptionem,
413 681 549 756 propter
566 672 814 756 copulationem
838 672 929 735 illam
950 694 1017 756 qua
1039 675 1132 737 Deus
1154 674 1303 738 Verbum
1320 675 1377 756 qui

172 793 217 836 ex
246 773 344 839 Patre
367 784 418 841 est
439 775 572 858 genitus
596 795 673 838 eum
689 775 751 838 sibi
772 775 930 858 copulare
954 776 1110 860 dignatus
1134 787 1191 841 est.
1238 785 1272 840 et
1295 797 1377 858 quo·

172 876 262 941 niam
286 877 374 941 dixit
400 897 460 942 nos
487 877 629 940 filiorum
659 877 810 961 accipere
840 879 1067 962 adoptionem,
1099 879 1162 943 hoc
1193 888 1252 955 est,
1284 878 1376 942 illam

172 979 446 1045 inmortalitatem
469 999 554 1064 quae
577 1001 621 1044 ex
645 982 882 1046 resurrectione
903 991 962 1061 est,
979 985 1076 1048 rebus
1092 983 1172 1068 ipsis
1195 982 1276 1047 illud
1298 1003 1377 1046 con·
1413 993 1429 1060 5

172 1081 304 1147 firmat:

235 1217 388 1297 quoniam
409 1225 516 1280 autem
538 1216 614 1280 estis
627 1215 703 1300 filii
718 1217 791 1292 Dei,
809 1218 903 1282 misit
922 1217 1013 1282 Deus
1037 1207 1311 1302 Spiritum'Filii
1323 1219 1379 1283 sui

171 1321 207 1385 in
221 1321 368 1385 cordibus
383 1320 500 1384 uestra&
513 1321 705 1385 clamantem
719 1344 731 1384 :
753 1319 857 1398 Abba,
874 1321 985 1388 Pater.

235 1439 486 1523 †sequebantur
511 1439 600 1504 enim
620 1448 701 1503 tunc
723 1440 840 1504 datum
858 1441 1021 1524 Spiritum
1039 1441 1197 1506 miracula
1213 1439 1271 1504 illa
1288 1461 1376 1522 quae

169 1543 304 1620 fiebant,
334 1543 419 1608 sicut
444 1543 577 1626 saepius
607 1541 689 1606 dixi.
735 1562 822 1624 quae
851 1544 914 1626 ipsi
944 1544 1163 1627 accipiebant,
1195 1543 1373 1618 faciebant,
1393 1560 1432 1608 10

169 1646 306 1710 indubie
316 1645 379 1709 sibi
395 1648 511 1709 datum
529 1645 689 1728 Spiritum
706 1647 930 1712 ostendentes.
960 1647 1036 1712 hinc
1052 1657 1165 1712 autem
1182 1658 1216 1712 et
1232 1647 1373 1712 filiorum

116 1755 120 1762 '
169 1748 385 1832 adoptionem
409 1769 445 1812 se
468 1749 646 1812 adsecutos
673 1769 745 1813 esse
772 1751 964 1814 credebant.
1016 1750 1105 1815 unde
1131 1761 1165 1816 et
1192 1751 1263 1834 ipse
1295 1770 1374 1813 con-

168 1851 276 1915 fidens
305 1851 453 1916 firmitati
484 1852 728 1935 probationum,
759 1863 877 1937 utpote
907 1875 950 1918 ex
983 1853 1061 1935 ipsis
1088 1855 1185 1918 rebus
1211 1863 1373 1937 sumptae,

168 1974 255 2036 quae
271 1964 305 2020 et
320 1956 410 2042 apud
426 1954 500 2020 illos
516 1964 611 2019 erant
626 1955 774 2035 indubia,
789 1958 911 2022 adicit:
1372 1949 1376 1956 ’

234 2093 342 2176 itaque
356 2094 423 2158 iam
446 2115 509 2157 νιοιι
530 2115 564 2157 es
581 2113 702 2172 seruus,
718 2093 777 2157 sed
785 2092 883 2177 filius
894 2114 909 2166 ,·
931 2094 964 2158 si
982 2103 1088 2156 autem
1099 2093 1205 2176 filius,
1232 2103 1265 2156 et
1285 2092 1375 2160 heres
1393 2105 1428 2173 15

167 2198 236 2262 Dei
241 2209 304 2279 per
319 2197 493 2262 Christum„

233 2318 297 2380 ‘sic
321 2316 411 2380 nulla
437 2317 497 2380 tibi
527 2316 660 2398 (inquit)
686 2317 878 2380 communio
903 2315 990 2380 ultra
1015 2326 1066 2380 est
1095 2316 1138 2380 ad
1159 2319 1292 2401 eosqui
1311 2320 1375 2384 sub

168 2419 243 2503 lege
265 2416 413 2483 uiuunt*
458 2419 616 2502 quoniam
640 2428 753 2481 autem
778 2417 941 2500 Spiritum
962 2419 1113 2483 adsecuti
1130 2419 1218 2495 estis,
1235 2419 1375 2482 euidens

230 2612 400 2693 ἦκαλουθεῖ
419 2613 494 2680 τότε
516 2617 557 2700 τῇ
580 2612 669 2679 δόσει
690 2618 748 2680 τοῦ
771 2613 950 2696 πνεύματος
974 2611 1015 2680 rd
1039 2612 1190 2698 ’γινόμενα
1216 2614 1373 2696 θαύματα,

165 2713 245 2803 ὅπερ
260 2716 488 2801 ἅναμφίβολον
507 2717 615 2789 αὐτοῖς
629 2718 688 2800 τὴν
702 2717 794 2783 δόσιν
814 2715 856 2788 ὥς
878 2716 960 2788 εἰκὸς
979 2717 1081 2784 ἐποίει
1102 2722 1164 2784 τοῦ
1183 2717 1372 2800 πνεύματος·
1387 2736 1430 2784 20

165 2817 308 2887 ἐντεῦθεν
323 2820 358 2886 δὲ
373 2824 427 2888 καὶ
441 2821 480 2888 τὸ
493 2823 550 2904 τῆς
570 2820 729 2891 υἱοθεσίας
748 2820 975 2906 μετειληφέναι
996 2820 1175 2888 ἐπίστευον.
1220 2819 1294 2887 ’ὅθεν
1316 2821 1373 2886 καὶ

164 2920 259 2994 αὐτὸς
285 2923 451 3013 θαρρήσας
474 2929 520 3012 τῷ
542 2924 670 3012 ἰσχυρῷ
691 2927 748 3006 τῆς
776 2921 975 3007 ἀποδειξεως,
1002 2923 1043 2994 ὥς
1068 2921 1126 2988 dre
1152 2921 1190 3004 δν)
1216 2921 1283 2988 ἀπὸ
1308 2926 1373 2990 τῶν

164 3025 365 3109 πραγμάτων
390 3024 570 3114 εἶλημμὲνφ
589 3030 653 3091 τῶν
672 3025 728 3092 καὶ
749 3024 826 3114 παρ’
849 3024 955 3096 αὐτοῖς
985 3023 1224 3112 ἅναμφιβόλων
1250 3024 1373 3109 ἐπάγει·

165 3131 247 3194 dicre
262 3129 361 3204 οῨκὲτι
378 3125 407 3195 εἷ
421 3133 541 3208 λοῨλοο,
557 3131 636 3195 ἄλλα·
652 3127 725 3198 tide·
747 3129 771 3195 εἰ
793 3131 829 3196 λε’
850 3128 922 3206 vide,
945 3127 989 3194 καὶ
1015 3133 1210 3216 κλΗροΝόιιοο
1233 3131 1306 3205 teo?
1327 3133 1372 3194 ud

165 3232 299 3317 ΧριετοῨ.
343 3229 443 3302 οὕτως
467 3230 600 3313 οὐδεμία
626 3257 680 3298 σοι
696 3231 823 3320 (φησὶν)
840 3231 919 3319 πρὸς
942 3230 1015 3304 τοὺς
1039 3229 1102 3297 ὑπὸ
1127 3229 1226 3314 νόμον
1252 3233 1372 3312 ζῶντας
1386 3253 1403 3299 2
1409 3250 1425 3316 5

162 3332 312 3400 κοινωνία
333 3333 458 3402 λοιπόν.

213 3483 226 3518 α
244 3469 303 3534 quia
315 3470 371 3534 (sor
381 3471 440 3536 qua)
453 3473 486 3522 H
551 3475 567 3522 8
584 3473 676 3523 nostris
686 3471 744 3534 (sor
756 3472 855 3533 nestris)
867 3473 901 3521 H
907 3471 982 3534 [ὑμῶν
993 3472 1053 3521 Chr.
1068 3471 1158 3533 Thdt.]
1237 3487 1265 3536 ¹3
1282 3473 1371 3537 proba·

162 3551 303 3602 tionemH
349 3565 377 3615 15
394 3561 431 3604 est
444 3554 592 3616 (sermm
600 3552 768 3619 {heredesH
819 3569 892 3620 r9sq.
906 3555 984 3605 Coisl.
995 3553 1077 3617 204,f.
1088 3553 1259 3619 3oh[Cr.vi.
1274 3555 1315 3614 61,
1328 3555 1369 3605 Fr.

166 3639 231 3702 ¹²71·
267 3637 382 3703 θεθθωροε
391 3638 491 3704 (marg.)
562 3653 592 3703 23
610 3638 757 3697 εἰλημμένων
767 3636 824 3685 cod.
837 3637 894 3686 edd.
907 3636 939 3686 ei.
951 3637 994 3687 lat.
1079 3652 1109 3700 24
1127 3637 1150 3684 ci
1159 3637 1185 3684 n
1196 3633 1244 3686 υἱός
1254 3636 1370 3685 omedd.

198 3779 220 3812 1.
250 3768 301 3828 utp.
316 3769 417 3826 ...port
433 3761 488 3825 filii
502 3760 662 3825 adoptimum]
691 3759 740 3810 See
790 3759 819 3809 of
839 3760 881 3809 the
902 3760 973 3810 homo
995 3766 1115 3824 nesceptus
1136 3759 1209 3820 (κατὰ
1226 3757 1371 3820 πρόγνωσιν,

161 3843 242 3893 above
259 3858 292 3894 on
309 3843 344 3892 iii.
362 3843 393 3892 28
410 3843 460 3892 and
470 3841 541 3906 infra
547 3849 627 3905 pass,
639 3857 690 3907 esp.
706 3857 739 3889 on
790 3839 841 3890 κατ’
853 3843 977 3903 εὐδοκίαν).
999 3843 1047 3892 See
1058 3842 1102 3890 the
1113 3840 1247 3904 fragments
1258 3840 1287 3890 oi
1300 3840 1347 3890 Th.
1353 3838 1372 3888 's

162 3924 219 3974 Col.
232 3923 248 3974 i.
272 3937 308 3986 13,
328 3924 387 3973 νίὸν
403 3920 519 3985 ἀγάπης
536 3923 608 3972 αὑτὸν
624 3919 740 3972 ἐκάλεσεν
790 3925 889 3974 treatise
905 3939 939 3974 on
956 3924 999 3974 the
1017 3923 1178 3973 Incarnation
1191 3923 1297 3986 (Migne,
1313 3937 1369 3990 975,

160 4006 205 4068 [sc.
231 4006 273 4054 τὸν
295 4005 466 4064 ἀναληφθέντα
490 4001 634 4065 domum}
660 4001 691 4052 dn
712 4006 739 4052 οὐ
790 4010 847 4071 980,
862 4006 923 4066 dac-3
940 4005 970 4056 cs.
987 4005 1086 4055 Dorner
1098 4015 1126 4054 11.
1142 4005 1158 4054 i.
1172 4019 1215 4069 pp.
1228 4019 1267 4068 42,
1283 4007 1349 4067 388).

162 4089 233 4149 φύσει
251 4088 294 4136 τοῦ
313 4089 403 4148 πατρὸς
421 4087 480 4135 θντο
503 4087 560 4144 υἱόν,
579 4083 632 4134 ἀλλ’
652 4086 739 4147 ἀγάπῃ
824 4103 848 4152 9.
876 4088 1038 4152 sequebantur
1057 4086 1132 4144 eru'm,
1155 4085 1214 4148 dcc]
1247 4085 1295 4134 See
1313 4093 1372 4135 note

161 4169 204 4227 τῆς
223 4169 340 4217 υἱοθεσίας
359 4168 496 4226 ἀξιωθέντα
540 4167 602 4216 This
620 4166 740 4232 adoption
791 4183 906 4232 onp.1,
926 4167 942 4217 l.
963 4186 986 4229 4.
1021 4167 1111 4216 Tude:
1130 4167 1296 4226 θνανιίρρητος
1314 4166 1372 4224 δὲὴ

161 4266 212 4301 was
226 4250 373 4300 manifested
391 4257 416 4300 at
433 4249 475 4298 the
493 4249 614 4314 Baptism
632 4249 678 4298 but
695 4247 748 4297 iol·¹
792 4253 917 4312 ἀπόδειξις.
955 4251 1035 4313 ἑώρων
1056 4251 1105 4311 γὰρ
1127 4250 1159 4297 τὰ
1182 4249 1220 4297 διὰ
1242 4249 1286 4296 τοῦ
1307 4250 1372 4298 θείαν

161 4331 242 4380 lowed
261 4330 324 4380 from
339 4330 382 4380 the
396 4330 481 4380 Union
499 4331 600 4390 (ἔνοσις,
614 4329 739 4388 συνάφεια,
791 4337 924 4394 πνεύματος
941 4335 1097 4395 ἐνεργούμενα
1117 4333 1236 4388 θαύματα.
1281 4331 1323 4380 On
1343 4333 1372 4379 τὸ

160 4413 297 4478 copulatio),
312 4413 394 4463 which
408 4415 481 4478 again
496 4429 547 4463 was
565 4413 606 4464 the
623 4413 698 4462 result
716 4411 745 4461 os
791 4415 884 4473 πνεῦμα
901 4416 943 4462 τοῦ
959 4415 1009 4463 υἱοῦ
1025 4412 1075 4462 and
1090 4410 1172 4475 Ἀββᾶ
1188 4413 1202 4462 o‘
1219 4413 1309 4474 πατήρ,
1330 4429 1372 4462 see

160 4499 203 4547 the
215 4499 298 4547 divine
308 4497 510 4562 ioreknowledge
525 4499 574 4547 and
592 4504 741 4561 acceptance
791 4497 863 4548 Th.'s
875 4497 984 4546 remarks
996 4513 1028 4546 on
1042 4497 1114 4545 Rom.
1128 4496 1178 4546 viii.
1197 4512 1233 4555 11,
1257 4507 1291 4558 15.
