<?xml version="1.0" encoding="UTF-8"?>
<!DOCTYPE html PUBLIC "-//W3C//DTD XHTML 1.0 Transitional//EN"
    "http://www.w3.org/TR/xhtml1/DTD/xhtml1-transitional.dtd">
<html xmlns="http://www.w3.org/1999/xhtml" xml:lang="en" lang="en">
 <head>
  <title>
</title>
<meta http-equiv="Content-Type" content="text/html;charset=utf-8" />
  <meta name='ocr-system' content='tesseract 3.04.00' />
  <meta name='ocr-capabilities' content='ocr_page ocr_carea ocr_par ocr_line ocrx_word'/>
</head>
<body>
  <div class='ocr_page' id='page_1' title='image "./theodoriepiscop01theogoog_0283.png"; bbox 0 0 3340 5232; ppageno 0'>
   <div class='ocr_carea' id='block_1_1' title="bbox 288 313 1492 407">
    <p class='ocr_par' dir='ltr' id='par_1_1' title="bbox 288 313 1492 407">
     <span class='ocr_line' id='line_1_1' title="bbox 288 313 1492 407; baseline 0.003 -23"><span class='ocrx_word' id='word_1_1' title='bbox 288 319 351 399; x_wconf 84' lang='lat'>184</span> <span class='ocrx_word' id='word_1_2' title='bbox 521 359 526 364; x_wconf 94' lang='lat'>-</span> <span class='ocrx_word' id='word_1_3' title='bbox 611 329 839 385; x_wconf 75' lang='lat' dir='ltr'>Turononus</span> <span class='ocrx_word' id='word_1_4' title='bbox 863 329 1155 387; x_wconf 75' lang='lat' dir='ltr'>uorsuusrauus</span> <span class='ocrx_word' id='word_1_5' title='bbox 1297 319 1352 407; x_wconf 84' lang='lat' dir='ltr'>[V.</span> <span class='ocrx_word' id='word_1_6' title='bbox 1368 335 1419 404; x_wconf 73' lang='grc' dir='ltr'>τι,</span> <span class='ocrx_word' id='word_1_7' title='bbox 1436 313 1492 405; x_wconf 72' lang='lat'>251</span> 
     </span>
    </p>
   </div>
   <div class='ocr_carea' id='block_1_2' title="bbox 248 505 1492 1102">
    <p class='ocr_par' dir='ltr' id='par_1_2' title="bbox 282 505 1492 900">
     <span class='ocr_line' id='line_1_2' title="bbox 283 505 1491 591; baseline 0.001 -20"><span class='ocrx_word' id='word_1_8' title='bbox 283 505 373 591; x_wconf 90' lang='lat' dir='ltr'>quod</span> <span class='ocrx_word' id='word_1_9' title='bbox 391 512 435 572; x_wconf 80' lang='lat' dir='ltr'>ex</span> <span class='ocrx_word' id='word_1_10' title='bbox 456 505 513 571; x_wconf 93' lang='lat' dir='ltr'>illo</span> <span class='ocrx_word' id='word_1_11' title='bbox 533 507 699 576; x_wconf 81' lang='lat' dir='ltr'>secundae</span> <span class='ocrx_word' id='word_1_12' title='bbox 714 507 803 574; x_wconf 92' lang='lat' dir='ltr'>uitae</span> <span class='ocrx_word' id='word_1_13' title='bbox 827 513 962 573; x_wconf 78' lang='lat' dir='ltr'>causam</span> <span class='ocrx_word' id='word_1_14' title='bbox 982 506 1121 572; x_wconf 85' lang='lat' dir='ltr'>ecclesia</span> <span class='ocrx_word' id='word_1_15' title='bbox 1143 505 1267 573; x_wconf 82' lang='lat' dir='ltr'>habere</span> <span class='ocrx_word' id='word_1_16' title='bbox 1290 508 1430 587; x_wconf 88' lang='lat' dir='ltr'>uidetur,</span> <span class='ocrx_word' id='word_1_17' title='bbox 1444 529 1491 574; x_wconf 83' lang='lat' dir='ltr'>ex</span> 
     </span>
     <span class='ocr_line' id='line_1_3' title="bbox 283 608 1492 694; baseline 0 -22"><span class='ocrx_word' id='word_1_18' title='bbox 283 629 351 692; x_wconf 91' lang='lat' dir='ltr'>quo</span> <span class='ocrx_word' id='word_1_19' title='bbox 374 619 408 674; x_wconf 88' lang='lat' dir='ltr'>et</span> <span class='ocrx_word' id='word_1_20' title='bbox 432 609 644 674; x_wconf 87' lang='lat' dir='ltr'>ecclesiastici</span> <span class='ocrx_word' id='word_1_21' title='bbox 668 610 814 694; x_wconf 90' lang='lat' dir='ltr'>corporis</span> <span class='ocrx_word' id='word_1_22' title='bbox 837 618 944 675; x_wconf 91' lang='lat' dir='ltr'>status</span> <span class='ocrx_word' id='word_1_23' title='bbox 970 619 1021 674; x_wconf 90' lang='lat' dir='ltr'>est</span> <span class='ocrx_word' id='word_1_24' title='bbox 1047 609 1185 674; x_wconf 82' lang='lat' dir='ltr'>effectus</span> <span class='ocrx_word' id='word_1_25' title='bbox 1209 608 1284 692; x_wconf 92' lang='lat' dir='ltr'>(hoc</span> <span class='ocrx_word' id='word_1_26' title='bbox 1310 611 1399 674; x_wconf 90' lang='lat' dir='ltr'>enim</span> <span class='ocrx_word' id='word_1_27' title='bbox 1425 609 1492 673; x_wconf 89' lang='lat' dir='ltr'>isto</span> 
     </span>
     <span class='ocr_line' id='line_1_4' title="bbox 283 711 1492 799; baseline 0.002 -24"><span class='ocrx_word' id='word_1_28' title='bbox 283 711 319 776; x_wconf 93' lang='lat' dir='ltr'>in·</span> <span class='ocrx_word' id='word_1_29' title='bbox 333 711 406 776; x_wconf 80' lang='lat' dir='ltr'><strong>lo‘co</strong></span> <span class='ocrx_word' id='word_1_30' title='bbox 421 713 523 777; x_wconf 91' lang='lat' dir='ltr'>dicit:</span> <span class='ocrx_word' id='word_1_31' title='bbox 544 713 609 798; x_wconf 83' lang='lat' dir='ltr'>ipse</span> <span class='ocrx_word' id='word_1_32' title='bbox 630 723 678 780; x_wconf 75' lang='lat' dir='ltr'>ese</span> <span class='ocrx_word' id='word_1_33' title='bbox 696 714 844 777; x_wconf 82' lang='lat' dir='ltr'>saluator</span> <span class='ocrx_word' id='word_1_34' title='bbox 856 713 1004 796; x_wconf 80' lang='lat' dir='ltr'>corporis,</span> <span class='ocrx_word' id='word_1_35' title='bbox 1018 713 1081 778; x_wconf 89' lang='lat' dir='ltr'>hoc</span> <span class='ocrx_word' id='word_1_36' title='bbox 1102 723 1162 790; x_wconf 87' lang='lat' dir='ltr'>est,</span> <span class='ocrx_word' id='word_1_37' title='bbox 1176 735 1311 779; x_wconf 80' lang='lat' dir='ltr'>causam</span> <span class='ocrx_word' id='word_1_38' title='bbox 1326 713 1492 799; x_wconf 85' lang='lat' dir='ltr'>praebens</span> 
     </span>
     <span class='ocr_line' id='line_1_5' title="bbox 282 815 1489 900; baseline 0.002 -21"><span class='ocrx_word' id='word_1_39' title='bbox 282 825 390 880; x_wconf 86' lang='lat' dir='ltr'>status</span> <span class='ocrx_word' id='word_1_40' title='bbox 404 817 617 881; x_wconf 86' lang='lat' dir='ltr'>ecclesiastici</span> <span class='ocrx_word' id='word_1_41' title='bbox 635 817 816 900; x_wconf 90' lang='lat' dir='ltr'>corporis);</span> <span class='ocrx_word' id='word_1_42' title='bbox 837 815 927 882; x_wconf 88' lang='lat' dir='ltr'>hunc</span> <span class='ocrx_word' id='word_1_43' title='bbox 948 817 1100 881; x_wconf 82' lang='lat' dir='ltr'>ordinem</span> <span class='ocrx_word' id='word_1_44' title='bbox 1123 818 1225 882; x_wconf 85' lang='lat' dir='ltr'>etiarn</span> <span class='ocrx_word' id='word_1_45' title='bbox 1247 819 1299 883; x_wconf 90' lang='lat' dir='ltr'>uir</span> <span class='ocrx_word' id='word_1_46' title='bbox 1320 819 1424 883; x_wconf 88' lang='lat' dir='ltr'>habet</span> <span class='ocrx_word' id='word_1_47' title='bbox 1445 817 1489 881; x_wconf 90' lang='lat' dir='ltr'>ad</span> 
     </span>
    </p>

    <p class='ocr_par' dir='ltr' id='par_1_3' title="bbox 248 915 1491 1102">
     <span class='ocr_line' id='line_1_6' title="bbox 248 915 1491 1002; baseline 0.002 -22"><span class='ocrx_word' id='word_1_48' title='bbox 248 915 474 996; x_wconf 67' lang='lat' dir='ltr'>smulierem3</span> <span class='ocrx_word' id='word_1_49' title='bbox 507 939 549 982; x_wconf 87' lang='lat' dir='ltr'>eo</span> <span class='ocrx_word' id='word_1_50' title='bbox 576 919 667 1002; x_wconf 89' lang='lat' dir='ltr'>quod</span> <span class='ocrx_word' id='word_1_51' title='bbox 694 928 728 983; x_wconf 88' lang='lat' dir='ltr'>et</span> <span class='ocrx_word' id='word_1_52' title='bbox 754 930 791 985; x_wconf 94' lang='lat' dir='ltr'>ut</span> <span class='ocrx_word' id='word_1_53' title='bbox 816 918 860 983; x_wconf 89' lang='lat' dir='ltr'>sit</span> <span class='ocrx_word' id='word_1_54' title='bbox 884 929 918 984; x_wconf 87' lang='lat' dir='ltr'>et</span> <span class='ocrx_word' id='word_1_55' title='bbox 944 928 981 983; x_wconf 93' lang='lat' dir='ltr'>ut</span> <span class='ocrx_word' id='word_1_56' title='bbox 1006 921 1176 997; x_wconf 85' lang='lat' dir='ltr'>consistat,</span> <span class='ocrx_word' id='word_1_57' title='bbox 1202 919 1320 984; x_wconf 89' lang='lat' dir='ltr'>mulier</span> <span class='ocrx_word' id='word_1_58' title='bbox 1345 941 1390 985; x_wconf 85' lang='lat' dir='ltr'>ex</span> <span class='ocrx_word' id='word_1_59' title='bbox 1416 920 1491 983; x_wconf 93' lang='lat' dir='ltr'>uiro</span> 
     </span>
     <span class='ocr_line' id='line_1_7' title="bbox 280 1017 438 1102; baseline 0.013 -20"><span class='ocrx_word' id='word_1_60' title='bbox 280 1017 438 1102; x_wconf 74' lang='lat' dir='ltr'>accepit*</span> 
     </span>
    </p>
   </div>
   <div class='ocr_carea' id='block_1_3' title="bbox 343 1161 1490 1258">
    <p class='ocr_par' dir='ltr' id='par_1_4' title="bbox 343 1161 1490 1258">
     <span class='ocr_line' id='line_1_8' title="bbox 343 1161 1490 1258; baseline 0.005 -17"><span class='ocrx_word' id='word_1_61' title='bbox 343 1177 404 1242; x_wconf 80' lang='lat' dir='ltr'>sed</span> <span class='ocrx_word' id='word_1_62' title='bbox 413 1189 452 1244; x_wconf 85' lang='lat' dir='ltr'>ut</span> <span class='ocrx_word' id='word_1_63' title='bbox 463 1177 587 1244; x_wconf 72' lang='lat' dir='ltr'>ecclesia</span> <span class='ocrx_word' id='word_1_64' title='bbox 605 1180 736 1246; x_wconf 84' lang='lat' dir='ltr'>subdita</span> <span class='ocrx_word' id='word_1_65' title='bbox 756 1191 804 1245; x_wconf 86' lang='lat' dir='ltr'>est</span> <span class='ocrx_word' id='word_1_66' title='bbox 827 1178 962 1258; x_wconf 56' lang='lat' dir='ltr'>cinito,</span> <span class='ocrx_word' id='word_1_67' title='bbox 975 1161 1075 1245; x_wconf 52' lang='lat' dir='ltr'>sic&#39;et</span> <span class='ocrx_word' id='word_1_68' title='bbox 1095 1179 1244 1246; x_wconf 77' lang='lat' dir='ltr'>mulieres</span> <span class='ocrx_word' id='word_1_69' title='bbox 1263 1181 1334 1246; x_wconf 81' lang='lat' dir='ltr'>suis</span> <span class='ocrx_word' id='word_1_70' title='bbox 1354 1180 1490 1247; x_wconf 84' lang='lat' dir='ltr'>maritis</span> 
     </span>
    </p>
   </div>
   <div class='ocr_carea' id='block_1_4' title="bbox 278 1279 483 1349">
    <p class='ocr_par' dir='ltr' id='par_1_5' title="bbox 278 1279 483 1349">
     <span class='ocr_line' id='line_1_9' title="bbox 278 1279 483 1349; baseline 0.015 -3"><span class='ocrx_word' id='word_1_71' title='bbox 278 1279 314 1347; x_wconf 86' lang='lat' dir='ltr'>in</span> <span class='ocrx_word' id='word_1_72' title='bbox 329 1283 483 1349; x_wconf 84' lang='lat' dir='ltr'>omnibus.</span> 
     </span>
    </p>
   </div>
   <div class='ocr_carea' id='block_1_5' title="bbox 225 1408 1488 1592">
    <p class='ocr_par' dir='ltr' id='par_1_6' title="bbox 225 1408 1488 1592">
     <span class='ocr_line' id='line_1_10' title="bbox 342 1408 1488 1493; baseline 0.004 -21"><span class='ocrx_word' id='word_1_73' title='bbox 342 1417 377 1472; x_wconf 89' lang='lat' dir='ltr'>et</span> <span class='ocrx_word' id='word_1_74' title='bbox 402 1408 538 1491; x_wconf 89' lang='lat' dir='ltr'>quidem</span> <span class='ocrx_word' id='word_1_75' title='bbox 564 1421 642 1476; x_wconf 90' lang='lat' dir='ltr'>sunt</span> <span class='ocrx_word' id='word_1_76' title='bbox 667 1409 804 1493; x_wconf 88' lang='lat' dir='ltr'>quidam</span> <span class='ocrx_word' id='word_1_77' title='bbox 831 1411 865 1474; x_wconf 95' lang='lat' dir='ltr'>in</span> <span class='ocrx_word' id='word_1_78' title='bbox 891 1409 1031 1474; x_wconf 88' lang='lat' dir='ltr'>ecclesia</span> <span class='ocrx_word' id='word_1_79' title='bbox 1055 1409 1111 1492; x_wconf 85' lang='lat' dir='ltr'>qui</span> <span class='ocrx_word' id='word_1_80' title='bbox 1138 1430 1206 1474; x_wconf 89' lang='lat' dir='ltr'>non</span> <span class='ocrx_word' id='word_1_81' title='bbox 1232 1420 1311 1475; x_wconf 92' lang='lat' dir='ltr'>sunt</span> <span class='ocrx_word' id='word_1_82' title='bbox 1337 1410 1488 1477; x_wconf 86' lang='lat' dir='ltr'>subiecti.</span> 
     </span>
     <span class='ocr_line' id='line_1_11' title="bbox 225 1507 1488 1592; baseline 0.004 -17"><span class='ocrx_word' id='word_1_83' title='bbox 225 1535 264 1584; x_wconf 94' lang='lat'>10</span> <span class='ocrx_word' id='word_1_84' title='bbox 277 1513 335 1576; x_wconf 87' lang='lat' dir='ltr'>sed</span> <span class='ocrx_word' id='word_1_85' title='bbox 351 1513 514 1577; x_wconf 87' lang='lat' dir='ltr'>eiusmodi</span> <span class='ocrx_word' id='word_1_86' title='bbox 538 1513 690 1578; x_wconf 87' lang='lat' dir='ltr'>homines</span> <span class='ocrx_word' id='word_1_87' title='bbox 714 1515 781 1578; x_wconf 91' lang='lat' dir='ltr'>iam</span> <span class='ocrx_word' id='word_1_88' title='bbox 806 1533 873 1578; x_wconf 93' lang='lat' dir='ltr'>non</span> <span class='ocrx_word' id='word_1_89' title='bbox 898 1533 971 1578; x_wconf 90' lang='lat' dir='ltr'>esse</span> <span class='ocrx_word' id='word_1_90' title='bbox 994 1507 1153 1577; x_wconf 85' lang='lat' dir='ltr'>ecclesiae</span> <span class='ocrx_word' id='word_1_91' title='bbox 1178 1514 1421 1592; x_wconf 86' lang='lat' dir='ltr'>existimantur,</span> <span class='ocrx_word' id='word_1_92' title='bbox 1444 1537 1488 1580; x_wconf 90' lang='lat' dir='ltr'>eo</span> 
     </span>
    </p>
   </div>
   <div class='ocr_carea' id='block_1_6' title="bbox 274 1613 1586 1698">
    <p class='ocr_par' dir='ltr' id='par_1_7' title="bbox 274 1613 1586 1698">
     <span class='ocr_line' id='line_1_12' title="bbox 274 1613 1586 1698; baseline 0.004 -21"><span class='ocrx_word' id='word_1_93' title='bbox 274 1614 365 1696; x_wconf 89' lang='lat' dir='ltr'>quod</span> <span class='ocrx_word' id='word_1_94' title='bbox 405 1634 466 1677; x_wconf 86' lang='lat' dir='ltr'>nec</span> <span class='ocrx_word' id='word_1_95' title='bbox 503 1613 560 1679; x_wconf 87' lang='lat' dir='ltr'>illa</span> <span class='ocrx_word' id='word_1_96' title='bbox 588 1635 675 1698; x_wconf 89' lang='lat' dir='ltr'>quae</span> <span class='ocrx_word' id='word_1_97' title='bbox 704 1617 850 1698; x_wconf 89' lang='lat' dir='ltr'>corporis</span> <span class='ocrx_word' id='word_1_98' title='bbox 879 1626 957 1681; x_wconf 90' lang='lat' dir='ltr'>sunt</span> <span class='ocrx_word' id='word_1_99' title='bbox 987 1615 1127 1697; x_wconf 86' lang='lat' dir='ltr'>sapiant</span> <span class='ocrx_word' id='word_1_100' title='bbox 1172 1615 1341 1680; x_wconf 87' lang='lat' dir='ltr'>subditam</span> <span class='ocrx_word' id='word_1_101' title='bbox 1372 1627 1486 1682; x_wconf 88' lang='lat' dir='ltr'>autern</span> <span class='ocrx_word' id='word_1_102' title='bbox 1581 1613 1586 1622; x_wconf 81' lang='grc'><em>’</em></span> 
     </span>
    </p>
   </div>
   <div class='ocr_carea' id='block_1_7' title="bbox 220 1717 1487 2214">
    <p class='ocr_par' dir='ltr' id='par_1_8' title="bbox 273 1717 1487 2008">
     <span class='ocr_line' id='line_1_13' title="bbox 276 1717 1487 1802; baseline 0.002 -19"><span class='ocrx_word' id='word_1_103' title='bbox 276 1717 409 1783; x_wconf 90' lang='lat' dir='ltr'>Christo</span> <span class='ocrx_word' id='word_1_104' title='bbox 439 1735 511 1783; x_wconf 79' lang='lat' dir='ltr'>esse</span> <span class='ocrx_word' id='word_1_105' title='bbox 540 1719 713 1785; x_wconf 86' lang='lat' dir='ltr'>ecclesiam</span> <span class='ocrx_word' id='word_1_106' title='bbox 743 1719 852 1798; x_wconf 88' lang='lat' dir='ltr'>dixit;</span> <span class='ocrx_word' id='word_1_107' title='bbox 883 1721 926 1784; x_wconf 98' lang='lat' dir='ltr'>de</span> <span class='ocrx_word' id='word_1_108' title='bbox 956 1719 1020 1783; x_wconf 94' lang='lat' dir='ltr'>illis</span> <span class='ocrx_word' id='word_1_109' title='bbox 1046 1720 1135 1796; x_wconf 88' lang='lat' dir='ltr'>dicit,</span> <span class='ocrx_word' id='word_1_110' title='bbox 1162 1720 1219 1802; x_wconf 93' lang='lat' dir='ltr'>qui</span> <span class='ocrx_word' id='word_1_111' title='bbox 1247 1719 1372 1783; x_wconf 90' lang='lat' dir='ltr'>subditi</span> <span class='ocrx_word' id='word_1_112' title='bbox 1398 1731 1487 1797; x_wconf 88' lang='lat' dir='ltr'>sunt,</span> 
     </span>
     <span class='ocr_line' id='line_1_14' title="bbox 273 1820 1486 1904; baseline 0.003 -22"><span class='ocrx_word' id='word_1_113' title='bbox 273 1839 358 1902; x_wconf 86' lang='lat' dir='ltr'>quos</span> <span class='ocrx_word' id='word_1_114' title='bbox 382 1829 417 1884; x_wconf 87' lang='lat' dir='ltr'>et</span> <span class='ocrx_word' id='word_1_115' title='bbox 441 1838 561 1904; x_wconf 85' lang='lat' dir='ltr'>corpus</span> <span class='ocrx_word' id='word_1_116' title='bbox 583 1820 741 1886; x_wconf 84' lang='lat' dir='ltr'>ecclesiae</span> <span class='ocrx_word' id='word_1_117' title='bbox 765 1843 838 1886; x_wconf 92' lang='lat' dir='ltr'>esse</span> <span class='ocrx_word' id='word_1_118' title='bbox 861 1823 1043 1886; x_wconf 81' lang='lat' dir='ltr'>existimat</span> <span class='ocrx_word' id='word_1_119' title='bbox 1087 1841 1155 1885; x_wconf 93' lang='lat' dir='ltr'>non</span> <span class='ocrx_word' id='word_1_120' title='bbox 1179 1831 1231 1886; x_wconf 89' lang='lat' dir='ltr'>est</span> <span class='ocrx_word' id='word_1_121' title='bbox 1251 1831 1363 1886; x_wconf 88' lang='lat' dir='ltr'>autern</span> <span class='ocrx_word' id='word_1_122' title='bbox 1378 1823 1486 1886; x_wconf 89' lang='lat' dir='ltr'>demi·</span> 
     </span>
     <span class='ocr_line' id='line_1_15' title="bbox 273 1923 1484 2008; baseline 0.002 -20"><span class='ocrx_word' id='word_1_123' title='bbox 273 1923 403 1988; x_wconf 85' lang='lat' dir='ltr'>ratione</span> <span class='ocrx_word' id='word_1_124' title='bbox 427 1925 576 2008; x_wconf 80' lang='lat' dir='ltr'>dignuin,</span> <span class='ocrx_word' id='word_1_125' title='bbox 592 1927 619 1989; x_wconf 92' lang='lat' dir='ltr'>si</span> <span class='ocrx_word' id='word_1_126' title='bbox 646 1925 768 1990; x_wconf 86' lang='lat' dir='ltr'>adiecit</span> <span class='ocrx_word' id='word_1_127' title='bbox 791 1924 828 1990; x_wconf 85' lang='lat' dir='ltr'>in</span> <span class='ocrx_word' id='word_1_128' title='bbox 851 1923 1007 2001; x_wconf 79' lang='lat' dir='ltr'>omnibus,</span> <span class='ocrx_word' id='word_1_129' title='bbox 1027 1924 1117 2007; x_wconf 92' lang='lat' dir='ltr'>quod</span> <span class='ocrx_word' id='word_1_130' title='bbox 1142 1923 1295 1989; x_wconf 90' lang='lat' dir='ltr'>absolute</span> <span class='ocrx_word' id='word_1_131' title='bbox 1320 1925 1415 2007; x_wconf 89' lang='lat' dir='ltr'>quasi</span> <span class='ocrx_word' id='word_1_132' title='bbox 1440 1927 1484 1990; x_wconf 91' lang='lat' dir='ltr'>ad</span> 
     </span>
    </p>

    <p class='ocr_par' dir='ltr' id='par_1_9' title="bbox 220 2025 1486 2214">
     <span class='ocr_line' id='line_1_16' title="bbox 220 2025 1486 2114; baseline 0.002 -25"><span class='ocrx_word' id='word_1_133' title='bbox 220 2038 256 2106; x_wconf 83' lang='lat'>15</span> <span class='ocrx_word' id='word_1_134' title='bbox 274 2027 348 2111; x_wconf 92' lang='lat' dir='ltr'>pios</span> <span class='ocrx_word' id='word_1_135' title='bbox 374 2027 549 2111; x_wconf 90' lang='lat' dir='ltr'>disputans</span> <span class='ocrx_word' id='word_1_136' title='bbox 575 2028 717 2107; x_wconf 87' lang='lat' dir='ltr'>adiecit;</span> <span class='ocrx_word' id='word_1_137' title='bbox 748 2027 937 2114; x_wconf 87' lang='lat' dir='ltr'>dequibus</span> <span class='ocrx_word' id='word_1_138' title='bbox 963 2025 1167 2110; x_wconf 88' lang='lat' dir='ltr'>superfluum</span> <span class='ocrx_word' id='word_1_139' title='bbox 1193 2037 1265 2092; x_wconf 84' lang='lat' dir='ltr'>erat</span> <span class='ocrx_word' id='word_1_140' title='bbox 1290 2029 1486 2111; x_wconf 83' lang='lat' dir='ltr'>excogitare</span> 
     </span>
     <span class='ocr_line' id='line_1_17' title="bbox 273 2127 1223 2214; baseline -0.001 -18"><span class='ocrx_word' id='word_1_141' title='bbox 273 2133 454 2214; x_wconf 87' lang='lat' dir='ltr'>nequando</span> <span class='ocrx_word' id='word_1_142' title='bbox 469 2133 503 2195; x_wconf 94' lang='lat' dir='ltr'>in</span> <span class='ocrx_word' id='word_1_143' title='bbox 518 2133 663 2196; x_wconf 89' lang='lat' dir='ltr'>deterius</span> <span class='ocrx_word' id='word_1_144' title='bbox 678 2151 756 2195; x_wconf 89' lang='lat' dir='ltr'>suas</span> <span class='ocrx_word' id='word_1_145' title='bbox 770 2127 895 2195; x_wconf 83' lang='lat' dir='ltr'>uellent</span> <span class='ocrx_word' id='word_1_146' title='bbox 910 2130 1075 2197; x_wconf 80' lang='lat' dir='ltr'>adducere</span> <span class='ocrx_word' id='word_1_147' title='bbox 1091 2151 1223 2195; x_wconf 86' lang='lat' dir='ltr'>uxores.</span> 
     </span>
    </p>
   </div>
   <div class='ocr_carea' id='block_1_8' title="bbox 276 2302 1485 2494">
    <p class='ocr_par' dir='ltr' id='par_1_10' title="bbox 276 2302 1485 2494">
     <span class='ocr_line' id='line_1_18' title="bbox 338 2302 1485 2389; baseline 0 -19"><span class='ocrx_word' id='word_1_148' title='bbox 338 2306 415 2382; x_wconf 83' lang='lat' dir='ltr'>uiri,</span> <span class='ocrx_word' id='word_1_149' title='bbox 436 2305 565 2389; x_wconf 55' lang='lat' dir='ltr'>diligiti</span> <span class='ocrx_word' id='word_1_150' title='bbox 582 2325 697 2370; x_wconf 79' lang='lat' dir='ltr'>uxores</span> <span class='ocrx_word' id='word_1_151' title='bbox 717 2317 843 2371; x_wconf 77' lang='lat' dir='ltr'>uestras</span> <span class='ocrx_word' id='word_1_152' title='bbox 863 2305 947 2371; x_wconf 82' lang='lat' dir='ltr'>sicut</span> <span class='ocrx_word' id='word_1_153' title='bbox 965 2316 997 2370; x_wconf 85' lang='lat' dir='ltr'>et</span> <span class='ocrx_word' id='word_1_154' title='bbox 1018 2302 1169 2372; x_wconf 78' lang='lat' dir='ltr'>Christus</span> <span class='ocrx_word' id='word_1_155' title='bbox 1187 2305 1303 2370; x_wconf 66' lang='lat' dir='ltr'>diluit</span> <span class='ocrx_word' id='word_1_156' title='bbox 1315 2306 1485 2388; x_wconf 80' lang='lat' dir='ltr'>ecclesiam,</span> 
     </span>
     <span class='ocr_line' id='line_1_19' title="bbox 276 2405 797 2494; baseline 0.002 -21"><span class='ocrx_word' id='word_1_157' title='bbox 276 2408 332 2494; x_wconf 83' lang='lat' dir='ltr'>[ct]</span> <span class='ocrx_word' id='word_1_158' title='bbox 348 2409 487 2492; x_wconf 72' lang='lat' dir='ltr'>seipncm</span> <span class='ocrx_word' id='word_1_159' title='bbox 502 2405 645 2474; x_wconf 83' lang='lat' dir='ltr'>tradidit</span> <span class='ocrx_word' id='word_1_160' title='bbox 650 2419 714 2492; x_wconf 76' lang='lat' dir='ltr'>pro</span> <span class='ocrx_word' id='word_1_161' title='bbox 730 2409 797 2474; x_wconf 84' lang='lat' dir='ltr'>illa.</span> 
     </span>
    </p>
   </div>
   <div class='ocr_carea' id='block_1_9' title="bbox 219 2536 1487 2723">
    <p class='ocr_par' dir='ltr' id='par_1_11' title="bbox 219 2536 1487 2723">
     <span class='ocr_line' id='line_1_20' title="bbox 339 2536 1486 2622; baseline 0 -20"><span class='ocrx_word' id='word_1_162' title='bbox 339 2538 573 2603; x_wconf 88' lang='lat' dir='ltr'>demirandum</span> <span class='ocrx_word' id='word_1_163' title='bbox 594 2547 646 2604; x_wconf 90' lang='lat' dir='ltr'>est</span> <span class='ocrx_word' id='word_1_164' title='bbox 666 2559 706 2604; x_wconf 91' lang='lat' dir='ltr'>eo</span> <span class='ocrx_word' id='word_1_165' title='bbox 724 2538 814 2622; x_wconf 92' lang='lat' dir='ltr'>quod</span> <span class='ocrx_word' id='word_1_166' title='bbox 835 2558 902 2602; x_wconf 93' lang='lat' dir='ltr'>uno</span> <span class='ocrx_word' id='word_1_167' title='bbox 922 2537 1108 2620; x_wconf 89' lang='lat' dir='ltr'>eodemque</span> <span class='ocrx_word' id='word_1_168' title='bbox 1123 2536 1290 2620; x_wconf 87' lang='lat' dir='ltr'>exemplo,</span> <span class='ocrx_word' id='word_1_169' title='bbox 1307 2547 1341 2602; x_wconf 88' lang='lat' dir='ltr'>et</span> <span class='ocrx_word' id='word_1_170' title='bbox 1356 2546 1393 2601; x_wconf 89' lang='lat' dir='ltr'>ut</span> <span class='ocrx_word' id='word_1_171' title='bbox 1408 2538 1486 2602; x_wconf 93' lang='lat' dir='ltr'>sub-</span> 
     </span>
     <span class='ocr_line' id='line_1_21' title="bbox 219 2640 1487 2723; baseline 0.004 -20"><span class='ocrx_word' id='word_1_172' title='bbox 219 2655 262 2704; x_wconf 90' lang='lat'>20</span> <span class='ocrx_word' id='word_1_173' title='bbox 276 2643 382 2708; x_wconf 88' lang='lat' dir='ltr'>iectae</span> <span class='ocrx_word' id='word_1_174' title='bbox 398 2643 465 2708; x_wconf 93' lang='lat' dir='ltr'>sint</span> <span class='ocrx_word' id='word_1_175' title='bbox 481 2643 642 2720; x_wconf 80' lang='lat' dir='ltr'>mulieres,</span> <span class='ocrx_word' id='word_1_176' title='bbox 660 2652 694 2707; x_wconf 91' lang='lat' dir='ltr'>et</span> <span class='ocrx_word' id='word_1_177' title='bbox 708 2653 746 2706; x_wconf 89' lang='lat' dir='ltr'>ut</span> <span class='ocrx_word' id='word_1_178' title='bbox 760 2643 821 2706; x_wconf 94' lang='lat' dir='ltr'>uiri</span> <span class='ocrx_word' id='word_1_179' title='bbox 838 2662 895 2705; x_wconf 89' lang='lat' dir='ltr'>eas</span> <span class='ocrx_word' id='word_1_180' title='bbox 909 2640 1053 2723; x_wconf 86' lang='lat' dir='ltr'>diligant</span> <span class='ocrx_word' id='word_1_181' title='bbox 1068 2649 1102 2704; x_wconf 93' lang='lat' dir='ltr'>et</span> <span class='ocrx_word' id='word_1_182' title='bbox 1114 2640 1269 2704; x_wconf 85' lang='lat' dir='ltr'>affectum</span> <span class='ocrx_word' id='word_1_183' title='bbox 1282 2650 1319 2705; x_wconf 94' lang='lat' dir='ltr'>ut</span> <span class='ocrx_word' id='word_1_184' title='bbox 1328 2645 1487 2709; x_wconf 88' lang='lat' dir='ltr'>conuenit</span> 
     </span>
    </p>
   </div>
   <div class='ocr_carea' id='block_1_10' title="bbox 176 2865 1488 3468">
    <p class='ocr_par' dir='ltr' id='par_1_12' title="bbox 276 2865 1487 2956">
     <span class='ocr_line' id='line_1_22' title="bbox 276 2865 1487 2956; baseline -0.001 -20"><span class='ocrx_word' id='word_1_185' title='bbox 276 2868 384 2937; x_wconf 79' lang='grc' dir='ltr'>αἰτίαν</span> <span class='ocrx_word' id='word_1_186' title='bbox 404 2869 561 2956; x_wconf 79' lang='grc' dir='ltr'>λαβούσῃ</span> <span class='ocrx_word' id='word_1_187' title='bbox 579 2872 637 2952; x_wconf 75' lang='grc' dir='ltr'>τῆς</span> <span class='ocrx_word' id='word_1_188' title='bbox 659 2868 808 2956; x_wconf 75' lang='grc' dir='ltr'>δευτέρας</span> <span class='ocrx_word' id='word_1_189' title='bbox 829 2867 1005 2956; x_wconf 62' lang='grc' dir='ltr'>ὑπάρξεως,</span> <span class='ocrx_word' id='word_1_190' title='bbox 1020 2870 1058 2953; x_wconf 74' lang='grc' dir='ltr'>ἐξ</span> <span class='ocrx_word' id='word_1_191' title='bbox 1079 2865 1189 2936; x_wconf 75' lang='grc' dir='ltr'>οὔκαὶ</span> <span class='ocrx_word' id='word_1_192' title='bbox 1209 2870 1266 2933; x_wconf 81' lang='grc' dir='ltr'>τοῦ</span> <span class='ocrx_word' id='word_1_193' title='bbox 1287 2869 1487 2949; x_wconf 81' lang='grc' dir='ltr'>ἐκκλησιασ-</span> 
     </span>
    </p>

    <p class='ocr_par' dir='ltr' id='par_1_13' title="bbox 176 2969 1485 3058">
     <span class='ocr_line' id='line_1_23' title="bbox 176 2969 1485 3058; baseline -0.002 -18"><span class='ocrx_word' id='word_1_194' title='bbox 176 3045 177 3050; x_wconf 48' lang='grc'>,</span> <span class='ocrx_word' id='word_1_195' title='bbox 276 2975 367 3040; x_wconf 82' lang='grc' dir='ltr'>τιιιοῧ</span> <span class='ocrx_word' id='word_1_196' title='bbox 397 2971 550 3056; x_wconf 79' lang='grc' dir='ltr'>σώματος</span> <span class='ocrx_word' id='word_1_197' title='bbox 577 2971 700 3057; x_wconf 60' lang='grc' dir='ltr'>*γίνεται</span> <span class='ocrx_word' id='word_1_198' title='bbox 722 2970 741 3052; x_wconf 80' lang='grc' dir='ltr'><em>ἡ</em></span> <span class='ocrx_word' id='word_1_199' title='bbox 764 2969 928 3042; x_wconf 79' lang='grc' dir='ltr'>σύστασις</span> <span class='ocrx_word' id='word_1_200' title='bbox 951 2973 1058 3058; x_wconf 84' lang='grc' dir='ltr'>(τοῦτο</span> <span class='ocrx_word' id='word_1_201' title='bbox 1086 2973 1149 3057; x_wconf 70' lang='grc' dir='ltr'>γάρ</span> <span class='ocrx_word' id='word_1_202' title='bbox 1177 2969 1281 3056; x_wconf 71' lang='grc' dir='ltr'>λέγει]</span> <span class='ocrx_word' id='word_1_203' title='bbox 1305 2971 1342 3036; x_wconf 87' lang='grc' dir='ltr'><strong>τό</strong></span> <span class='ocrx_word' id='word_1_204' title='bbox 1364 2973 1485 3058; x_wconf 78' lang='grc' dir='ltr'>ιγ’τό[ι]</span> 
     </span>
    </p>

    <p class='ocr_par' dir='ltr' id='par_1_14' title="bbox 241 3071 1487 3266">
     <span class='ocr_line' id='line_1_24' title="bbox 241 3071 1487 3162; baseline -0.002 -20"><span class='ocrx_word' id='word_1_205' title='bbox 241 3101 242 3106; x_wconf 66' lang='grc'>’</span> <span class='ocrx_word' id='word_1_206' title='bbox 270 3077 393 3143; x_wconf 76' lang='grc' dir='ltr'>’ἑοτυιό</span> <span class='ocrx_word' id='word_1_207' title='bbox 417 3079 523 3160; x_wconf 63' lang='grc' dir='ltr'>ιωτιιρ</span> <span class='ocrx_word' id='word_1_208' title='bbox 554 3075 622 3160; x_wconf 73' lang='lat' dir='ltr'>[roi</span> <span class='ocrx_word' id='word_1_209' title='bbox 651 3073 818 3159; x_wconf 81' lang='grc' dir='ltr'>οὼιιιτοε],</span> <span class='ocrx_word' id='word_1_210' title='bbox 845 3071 918 3140; x_wconf 79' lang='grc' dir='ltr'>ἀντὶ</span> <span class='ocrx_word' id='word_1_211' title='bbox 948 3075 1004 3138; x_wconf 82' lang='grc' dir='ltr'>τοῦ</span> <span class='ocrx_word' id='word_1_212' title='bbox 1030 3071 1065 3137; x_wconf 72' lang='grc' dir='ltr'>’ὁ</span> <span class='ocrx_word' id='word_1_213' title='bbox 1090 3073 1149 3154; x_wconf 71' lang='grc' dir='ltr'>τὴν</span> <span class='ocrx_word' id='word_1_214' title='bbox 1173 3072 1283 3140; x_wconf 81' lang='grc' dir='ltr'>αἰτίαν</span> <span class='ocrx_word' id='word_1_215' title='bbox 1311 3075 1487 3162; x_wconf 84' lang='grc' dir='ltr'>παρασχό-</span> 
     </span>
     <span class='ocr_line' id='line_1_25' title="bbox 276 3173 1487 3266; baseline -0.002 -21"><span class='ocrx_word' id='word_1_216' title='bbox 276 3205 370 3258; x_wconf 79' lang='grc' dir='ltr'>μενος</span> <span class='ocrx_word' id='word_1_217' title='bbox 392 3181 433 3266; x_wconf 80' lang='grc' dir='ltr'>τῇ</span> <span class='ocrx_word' id='word_1_218' title='bbox 454 3178 617 3245; x_wconf 79' lang='grc' dir='ltr'>συστάσει</span> <span class='ocrx_word' id='word_1_219' title='bbox 637 3180 694 3244; x_wconf 79' lang='grc' dir='ltr'>τοῦ</span> <span class='ocrx_word' id='word_1_220' title='bbox 715 3177 991 3258; x_wconf 68' lang='grc' dir='ltr'>ἐκκλησιαστιεοῧ</span> <span class='ocrx_word' id='word_1_221' title='bbox 1008 3173 1162 3256; x_wconf 70' lang='grc' dir='ltr'>σώματος</span> <span class='ocrx_word' id='word_1_222' title='bbox 1171 3173 1202 3262; x_wconf 89' lang='grc'>’)·</span> <span class='ocrx_word' id='word_1_223' title='bbox 1232 3175 1354 3257; x_wconf 81' lang='grc' dir='ltr'>ταύτην</span> <span class='ocrx_word' id='word_1_224' title='bbox 1373 3176 1487 3266; x_wconf 78' lang='grc' dir='ltr'>ἐπέχει</span> 
     </span>
    </p>

    <p class='ocr_par' dir='ltr' id='par_1_15' title="bbox 222 3275 1488 3468">
     <span class='ocr_line' id='line_1_26' title="bbox 222 3275 1488 3375; baseline -0.002 -26"><span class='ocrx_word' id='word_1_225' title='bbox 222 3307 261 3375; x_wconf 76' lang='lat'>25</span> <span class='ocrx_word' id='word_1_226' title='bbox 277 3282 337 3364; x_wconf 79' lang='grc' dir='ltr'>τὴν</span> <span class='ocrx_word' id='word_1_227' title='bbox 355 3280 450 3365; x_wconf 81' lang='grc' dir='ltr'>τάξιν</span> <span class='ocrx_word' id='word_1_228' title='bbox 471 3278 488 3346; x_wconf 84' lang='grc' dir='ltr'>ά</span> <span class='ocrx_word' id='word_1_229' title='bbox 513 3279 594 3367; x_wconf 69' lang='grc' dir='ltr'>ἀνὴρ</span> <span class='ocrx_word' id='word_1_230' title='bbox 615 3281 655 3365; x_wconf 85' lang='grc' dir='ltr'>τῇ</span> <span class='ocrx_word' id='word_1_231' title='bbox 679 3277 818 3364; x_wconf 70' lang='grc' dir='ltr'>γυναικί,</span> <span class='ocrx_word' id='word_1_232' title='bbox 839 3275 898 3345; x_wconf 73' lang='grc' dir='ltr'>ὅτε</span> <span class='ocrx_word' id='word_1_233' title='bbox 920 3276 960 3360; x_wconf 82' lang='grc' dir='ltr'>δν)</span> <span class='ocrx_word' id='word_1_234' title='bbox 986 3277 1024 3346; x_wconf 83' lang='grc' dir='ltr'>τὸ</span> <span class='ocrx_word' id='word_1_235' title='bbox 1047 3276 1133 3345; x_wconf 81' lang='grc' dir='ltr'>εἶναι’</span> <span class='ocrx_word' id='word_1_236' title='bbox 1151 3305 1188 3346; x_wconf 90' lang='grc' dir='ltr'>τε</span> <span class='ocrx_word' id='word_1_237' title='bbox 1208 3277 1264 3345; x_wconf 73' lang='grc' dir='ltr'>καὶ</span> <span class='ocrx_word' id='word_1_238' title='bbox 1285 3279 1488 3346; x_wconf 85' lang='grc' dir='ltr'>συνεστάναι</span> 
     </span>
     <span class='ocr_line' id='line_1_27' title="bbox 277 3381 580 3468; baseline -0.01 -16"><span class='ocrx_word' id='word_1_239' title='bbox 277 3385 398 3452; x_wconf 84' lang='grc' dir='ltr'>εἰιεῖθεν</span> <span class='ocrx_word' id='word_1_240' title='bbox 415 3381 580 3468; x_wconf 78' lang='grc' dir='ltr'>λαβούσῃ.</span> 
     </span>
    </p>
   </div>
   <div class='ocr_carea' id='block_1_11' title="bbox 286 3541 1386 3609">
    <p class='ocr_par' dir='ltr' id='par_1_16' title="bbox 286 3541 1386 3609">
     <span class='ocr_line' id='line_1_28' title="bbox 286 3541 1386 3609; baseline 0 -15"><span class='ocrx_word' id='word_1_241' title='bbox 286 3601 288 3607; x_wconf 19' lang='lat' dir='ltr'>y</span> <span class='ocrx_word' id='word_1_242' title='bbox 376 3557 389 3609; x_wconf 78' lang='lat'>7</span> <span class='ocrx_word' id='word_1_243' title='bbox 406 3550 432 3594; x_wconf 85' lang='lat' dir='ltr'>et</span> <span class='ocrx_word' id='word_1_244' title='bbox 444 3543 496 3608; x_wconf 74' lang='lat' dir='ltr'>(bq‘</span> <span class='ocrx_word' id='word_1_245' title='bbox 500 3546 538 3606; x_wconf 88' lang='lat' dir='ltr'>ut)</span> <span class='ocrx_word' id='word_1_246' title='bbox 549 3544 602 3594; x_wconf 83' lang='lat' dir='ltr'>add</span> <span class='ocrx_word' id='word_1_247' title='bbox 611 3545 634 3595; x_wconf 83' lang='lat' dir='ltr'><em>C</em></span> <span class='ocrx_word' id='word_1_248' title='bbox 643 3542 719 3606; x_wconf 80' lang='lat' dir='ltr'>(corr)</span> <span class='ocrx_word' id='word_1_249' title='bbox 844 3541 874 3595; x_wconf 79' lang='lat'>16</span> <span class='ocrx_word' id='word_1_250' title='bbox 890 3541 993 3594; x_wconf 85' lang='lat' dir='ltr'>interius</span> <span class='ocrx_word' id='word_1_251' title='bbox 1003 3541 1052 3593; x_wconf 81' lang='lat' dir='ltr'>H·</span> <span class='ocrx_word' id='word_1_252' title='bbox 1186 3545 1215 3594; x_wconf 79' lang='lat'>18</span> <span class='ocrx_word' id='word_1_253' title='bbox 1231 3549 1306 3593; x_wconf 70' lang='grc' dir='ltr'>εῖναι</span> <span class='ocrx_word' id='word_1_254' title='bbox 1320 3543 1386 3594; x_wconf 81' lang='lat' dir='ltr'>CH</span> 
     </span>
    </p>
   </div>
   <div class='ocr_carea' id='block_1_12' title="bbox 275 3701 1489 4506">
    <p class='ocr_par' dir='ltr' id='par_1_17' title="bbox 276 3701 1489 4177">
     <span class='ocr_line' id='line_1_29' title="bbox 277 3701 1489 3766; baseline -0.001 -7"><span class='ocrx_word' id='word_1_255' title='bbox 277 3706 418 3760; x_wconf 76' lang='lat' dir='ltr'>mutilation</span> <span class='ocrx_word' id='word_1_256' title='bbox 433 3713 459 3757; x_wconf 71' lang='lat' dir='ltr'>tt</span> <span class='ocrx_word' id='word_1_257' title='bbox 474 3705 518 3758; x_wconf 85' lang='lat' dir='ltr'>the</span> <span class='ocrx_word' id='word_1_258' title='bbox 531 3706 613 3757; x_wconf 78' lang='lat' dir='ltr'>hands</span> <span class='ocrx_word' id='word_1_259' title='bbox 628 3705 658 3756; x_wconf 83' lang='lat' dir='ltr'>of</span> <span class='ocrx_word' id='word_1_260' title='bbox 672 3721 741 3756; x_wconf 88' lang='lat' dir='ltr'>some</span> <span class='ocrx_word' id='word_1_261' title='bbox 753 3705 858 3756; x_wconf 67' lang='lat' dir='ltr'>oerelets</span> <span class='ocrx_word' id='word_1_262' title='bbox 907 3702 950 3754; x_wconf 72' lang='lat' dir='ltr'>riu</span> <span class='ocrx_word' id='word_1_263' title='bbox 966 3701 1021 3754; x_wconf 75' lang='grc' dir='ltr'>θεάν</span> <span class='ocrx_word' id='word_1_264' title='bbox 1031 3701 1161 3766; x_wconf 78' lang='grc' dir='ltr'>χυροῦμεν,</span> <span class='ocrx_word' id='word_1_265' title='bbox 1172 3706 1199 3764; x_wconf 69' lang='grc' dir='ltr'>ἐξ</span> <span class='ocrx_word' id='word_1_266' title='bbox 1214 3701 1289 3765; x_wconf 74' lang='grc' dir='ltr'>οἶα-ορ</span> <span class='ocrx_word' id='word_1_267' title='bbox 1304 3705 1380 3754; x_wconf 74' lang='grc' dir='ltr'>ἔστιν·</span> <span class='ocrx_word' id='word_1_268' title='bbox 1393 3701 1442 3756; x_wconf 68' lang='lat' dir='ltr'>rito*</span> <span class='ocrx_word' id='word_1_269' title='bbox 1460 3708 1489 3758; x_wconf 70' lang='lat' dir='ltr'>dd</span> 
     </span>
     <span class='ocr_line' id='line_1_30' title="bbox 277 3784 1487 3854; baseline 0 -16"><span class='ocrx_word' id='word_1_270' title='bbox 277 3787 425 3838; x_wconf 74' lang='lat' dir='ltr'>transcribet</span> <span class='ocrx_word' id='word_1_271' title='bbox 450 3785 481 3837; x_wconf 83' lang='lat' dir='ltr'>oi</span> <span class='ocrx_word' id='word_1_272' title='bbox 504 3785 546 3835; x_wconf 86' lang='lat' dir='ltr'>the</span> <span class='ocrx_word' id='word_1_273' title='bbox 568 3793 664 3844; x_wconf 79' lang='lat' dir='ltr'>eatena,</span> <span class='ocrx_word' id='word_1_274' title='bbox 690 3784 733 3834; x_wconf 85' lang='lat' dir='ltr'>the</span> <span class='ocrx_word' id='word_1_275' title='bbox 754 3784 859 3848; x_wconf 82' lang='lat' dir='ltr'>missing</span> <span class='ocrx_word' id='word_1_276' title='bbox 907 3788 950 3835; x_wconf 79' lang='grc' dir='ltr'>τοῦ</span> <span class='ocrx_word' id='word_1_277' title='bbox 961 3788 1043 3848; x_wconf 76' lang='grc' dir='ltr'>άνδροι</span> <span class='ocrx_word' id='word_1_278' title='bbox 1058 3787 1099 3836; x_wconf 71' lang='grc' dir='ltr'>ἔτι</span> <span class='ocrx_word' id='word_1_279' title='bbox 1113 3785 1156 3836; x_wconf 76' lang='grc' dir='ltr'>τάν</span> <span class='ocrx_word' id='word_1_280' title='bbox 1167 3787 1280 3848; x_wconf 76' lang='grc' dir='ltr'>Χριστόν,</span> <span class='ocrx_word' id='word_1_281' title='bbox 1293 3788 1319 3847; x_wconf 75' lang='grc' dir='ltr'>ἐξ</span> <span class='ocrx_word' id='word_1_282' title='bbox 1332 3788 1422 3838; x_wconf 76' lang='grc' dir='ltr'>ἐκείνου</span> <span class='ocrx_word' id='word_1_283' title='bbox 1435 3791 1487 3854; x_wconf 77' lang='grc' dir='ltr'>γάρ</span> 
     </span>
     <span class='ocr_line' id='line_1_31' title="bbox 277 3864 1488 3931; baseline 0.001 -12"><span class='ocrx_word' id='word_1_284' title='bbox 277 3870 359 3919; x_wconf 85' lang='lat' dir='ltr'>words</span> <span class='ocrx_word' id='word_1_285' title='bbox 385 3883 428 3918; x_wconf 80' lang='lat' dir='ltr'>are</span> <span class='ocrx_word' id='word_1_286' title='bbox 452 3865 630 3931; x_wconf 79' lang='lat' dir='ltr'>conjecturally</span> <span class='ocrx_word' id='word_1_287' title='bbox 655 3864 770 3930; x_wconf 86' lang='lat' dir='ltr'>supplied</span> <span class='ocrx_word' id='word_1_288' title='bbox 793 3865 857 3914; x_wconf 82' lang='lat' dir='ltr'>from</span> <span class='ocrx_word' id='word_1_289' title='bbox 907 3868 980 3926; x_wconf 76' lang='grc' dir='ltr'>ἐσμεν</span> <span class='ocrx_word' id='word_1_290' title='bbox 996 3869 1058 3916; x_wconf 78' lang='grc' dir='ltr'>κατὰ</span> <span class='ocrx_word' id='word_1_291' title='bbox 1074 3867 1118 3925; x_wconf 75' lang='grc' dir='ltr'>τὴν</span> <span class='ocrx_word' id='word_1_292' title='bbox 1138 3867 1250 3931; x_wconf 77' lang='grc' dir='ltr'>δευτέραν</span> <span class='ocrx_word' id='word_1_293' title='bbox 1269 3866 1488 3929; x_wconf 58' lang='lat' dir='ltr'>inpetu...de</span> 
     </span>
     <span class='ocr_line' id='line_1_32' title="bbox 277 3945 1488 4008; baseline -0.001 -7"><span class='ocrx_word' id='word_1_294' title='bbox 277 3952 320 4002; x_wconf 81' lang='lat' dir='ltr'>the</span> <span class='ocrx_word' id='word_1_295' title='bbox 351 3949 433 4000; x_wconf 78' lang='lat' dir='ltr'>Latin.</span> <span class='ocrx_word' id='word_1_296' title='bbox 478 3948 503 3998; x_wconf 87' lang='lat' dir='ltr'>It</span> <span class='ocrx_word' id='word_1_297' title='bbox 531 3947 583 3997; x_wconf 78' lang='lat' dir='ltr'>will</span> <span class='ocrx_word' id='word_1_298' title='bbox 612 3947 644 3998; x_wconf 85' lang='lat' dir='ltr'>be</span> <span class='ocrx_word' id='word_1_299' title='bbox 674 3946 775 3996; x_wconf 85' lang='lat' dir='ltr'>noticed</span> <span class='ocrx_word' id='word_1_300' title='bbox 803 3945 858 3997; x_wconf 78' lang='lat' dir='ltr'>that</span> <span class='ocrx_word' id='word_1_301' title='bbox 907 3947 934 3996; x_wconf 72' lang='lat' dir='ltr'>di</span> <span class='ocrx_word' id='word_1_302' title='bbox 953 3947 1048 4008; x_wconf 76' lang='grc' dir='ltr'>(φησὶν)</span> <span class='ocrx_word' id='word_1_303' title='bbox 1068 3948 1108 3996; x_wconf 73' lang='grc' dir='ltr'>καὶ</span> <span class='ocrx_word' id='word_1_304' title='bbox 1127 3945 1177 3996; x_wconf 66' lang='lat' dir='ltr'>itt</span> <span class='ocrx_word' id='word_1_305' title='bbox 1194 3949 1237 4006; x_wconf 79' lang='grc' dir='ltr'>τῆς</span> <span class='ocrx_word' id='word_1_306' title='bbox 1255 3945 1366 4008; x_wconf 77' lang='grc' dir='ltr'>γυναικάι</span> <span class='ocrx_word' id='word_1_307' title='bbox 1385 3951 1426 4000; x_wconf 68' lang='grc' dir='ltr'>ἑτι</span> <span class='ocrx_word' id='word_1_308' title='bbox 1443 3950 1488 4000; x_wconf 78' lang='grc' dir='ltr'>τάν</span> 
     </span>
     <span class='ocr_line' id='line_1_33' title="bbox 277 4026 1486 4094; baseline -0.002 -10"><span class='ocrx_word' id='word_1_309' title='bbox 277 4033 326 4084; x_wconf 81' lang='lat' dir='ltr'>Th.</span> <span class='ocrx_word' id='word_1_310' title='bbox 339 4032 410 4082; x_wconf 80' lang='lat' dir='ltr'>reads</span> <span class='ocrx_word' id='word_1_311' title='bbox 420 4027 435 4081; x_wconf 84' lang='grc' dir='ltr'>ά</span> <span class='ocrx_word' id='word_1_312' title='bbox 447 4031 536 4090; x_wconf 73' lang='grc' dir='ltr'>σωτήρ.</span> <span class='ocrx_word' id='word_1_313' title='bbox 570 4029 647 4079; x_wconf 84' lang='lat' dir='ltr'>Thdt.</span> <span class='ocrx_word' id='word_1_314' title='bbox 660 4027 735 4078; x_wconf 85' lang='lat' dir='ltr'>omits</span> <span class='ocrx_word' id='word_1_315' title='bbox 746 4027 789 4077; x_wconf 83' lang='lat' dir='ltr'>the</span> <span class='ocrx_word' id='word_1_316' title='bbox 799 4029 857 4078; x_wconf 70' lang='lat' dir='ltr'>arti-</span> <span class='ocrx_word' id='word_1_317' title='bbox 908 4029 989 4090; x_wconf 70' lang='grc' dir='ltr'>ἄνδρα,</span> <span class='ocrx_word' id='word_1_318' title='bbox 999 4028 1082 4088; x_wconf 67' lang='grc' dir='ltr'>ἐπειδὴ</span> <span class='ocrx_word' id='word_1_319' title='bbox 1096 4026 1138 4078; x_wconf 78' lang='grc' dir='ltr'>ἀπ’</span> <span class='ocrx_word' id='word_1_320' title='bbox 1151 4030 1242 4080; x_wconf 72' lang='grc' dir='ltr'>ἐκείνου</span> <span class='ocrx_word' id='word_1_321' title='bbox 1257 4029 1286 4080; x_wconf 81' lang='grc' dir='ltr'>τά</span> <span class='ocrx_word' id='word_1_322' title='bbox 1300 4031 1361 4081; x_wconf 75' lang='grc' dir='ltr'>εἶναι</span> <span class='ocrx_word' id='word_1_323' title='bbox 1375 4035 1486 4094; x_wconf 62' lang='lat' dir='ltr'>timu.</span> 
     </span>
     <span class='ocr_line' id='line_1_34' title="bbox 276 4107 1346 4177; baseline -0.002 -12"><span class='ocrx_word' id='word_1_324' title='bbox 276 4114 323 4165; x_wconf 86' lang='lat' dir='ltr'>cle.</span> <span class='ocrx_word' id='word_1_325' title='bbox 356 4113 428 4164; x_wconf 90' lang='lat' dir='ltr'>With</span> <span class='ocrx_word' id='word_1_326' title='bbox 440 4109 512 4163; x_wconf 86' lang='lat' dir='ltr'>Th.’s</span> <span class='ocrx_word' id='word_1_327' title='bbox 527 4126 617 4162; x_wconf 69' lang='lat' dir='ltr'><strong>mmm.</strong></span> <span class='ocrx_word' id='word_1_328' title='bbox 630 4125 664 4160; x_wconf 92' lang='lat' dir='ltr'>on</span> <span class='ocrx_word' id='word_1_329' title='bbox 681 4107 695 4158; x_wconf 77' lang='grc' dir='ltr'><strong><em>ὁ</em></strong></span> <span class='ocrx_word' id='word_1_330' title='bbox 710 4124 734 4159; x_wconf 88' lang='grc' dir='ltr'>ο.</span> <span class='ocrx_word' id='word_1_331' title='bbox 751 4110 794 4158; x_wconf 81' lang='grc' dir='ltr'>τοῦ</span> <span class='ocrx_word' id='word_1_332' title='bbox 809 4109 855 4158; x_wconf 73' lang='lat' dir='ltr'>rti-</span> <span class='ocrx_word' id='word_1_333' title='bbox 909 4111 1148 4177; x_wconf 77' lang='lat' dir='ltr'>Ci.nlsosupra‚p.</span> <span class='ocrx_word' id='word_1_334' title='bbox 1162 4114 1200 4176; x_wconf 81' lang='lat'>58.</span> <span class='ocrx_word' id='word_1_335' title='bbox 1215 4111 1230 4161; x_wconf 91' lang='lat'>1.</span> <span class='ocrx_word' id='word_1_336' title='bbox 1245 4127 1268 4177; x_wconf 82' lang='lat' dir='ltr'>p,</span> <span class='ocrx_word' id='word_1_337' title='bbox 1282 4119 1346 4163; x_wconf 84' lang='lat' dir='ltr'>note</span> 
     </span>
    </p>

    <p class='ocr_par' dir='ltr' id='par_1_18' title="bbox 275 4191 1484 4344">
     <span class='ocr_line' id='line_1_35' title="bbox 275 4191 1484 4264; baseline -0.005 -12"><span class='ocrx_word' id='word_1_338' title='bbox 275 4217 350 4262; x_wconf 81' lang='grc' dir='ltr'>μοτυι</span> <span class='ocrx_word' id='word_1_339' title='bbox 365 4199 396 4251; x_wconf 77' lang='lat' dir='ltr'>ci.</span> <span class='ocrx_word' id='word_1_340' title='bbox 418 4199 519 4264; x_wconf 75' lang='lat' dir='ltr'>Chrys-t</span> <span class='ocrx_word' id='word_1_341' title='bbox 537 4198 578 4248; x_wconf 72' lang='lat' dir='ltr'>nsi</span> <span class='ocrx_word' id='word_1_342' title='bbox 595 4197 645 4260; x_wconf 74' lang='grc' dir='ltr'>γὰρ</span> <span class='ocrx_word' id='word_1_343' title='bbox 664 4195 681 4256; x_wconf 78' lang='grc' dir='ltr'><strong>ἡ</strong></span> <span class='ocrx_word' id='word_1_344' title='bbox 697 4191 793 4257; x_wconf 72' lang='grc' dir='ltr'>κεφαλὴ</span> <span class='ocrx_word' id='word_1_345' title='bbox 811 4196 855 4244; x_wconf 76' lang='grc' dir='ltr'>τοῦ</span> <span class='ocrx_word' id='word_1_346' title='bbox 941 4211 966 4262; x_wconf 86' lang='lat'>9.</span> <span class='ocrx_word' id='word_1_347' title='bbox 998 4194 1144 4260; x_wconf 82' lang='lat' dir='ltr'>etquidem]</span> <span class='ocrx_word' id='word_1_348' title='bbox 1177 4195 1277 4259; x_wconf 68' lang='grc' dir='ltr'>κάτερι</span> <span class='ocrx_word' id='word_1_349' title='bbox 1294 4195 1484 4261; x_wconf 77' lang='lat' dir='ltr'>cf-p95,l.7‚</span> 
     </span>
     <span class='ocr_line' id='line_1_36' title="bbox 278 4277 976 4344; baseline -0.013 -11"><span class='ocrx_word' id='word_1_350' title='bbox 278 4283 387 4340; x_wconf 75' lang='grc' dir='ltr'>σώματοι</span> <span class='ocrx_word' id='word_1_351' title='bbox 403 4281 510 4344; x_wconf 75' lang='grc' dir='ltr'>σωτηρία</span> <span class='ocrx_word' id='word_1_352' title='bbox 525 4279 600 4330; x_wconf 65' lang='grc' dir='ltr'>ἐστίν.</span> <span class='ocrx_word' id='word_1_353' title='bbox 634 4277 707 4328; x_wconf 86' lang='lat' dir='ltr'>With</span> <span class='ocrx_word' id='word_1_354' title='bbox 723 4277 812 4342; x_wconf 74' lang='lat' dir='ltr'>regant</span> <span class='ocrx_word' id='word_1_355' title='bbox 827 4284 854 4327; x_wconf 84' lang='lat' dir='ltr'>to</span> <span class='ocrx_word' id='word_1_356' title='bbox 908 4283 976 4325; x_wconf 83' lang='lat' dir='ltr'>note.</span> 
     </span>
    </p>

    <p class='ocr_par' dir='ltr' id='par_1_19' title="bbox 275 4355 1488 4506">
     <span class='ocr_line' id='line_1_37' title="bbox 276 4355 1487 4427; baseline -0.002 -15"><span class='ocrx_word' id='word_1_357' title='bbox 276 4363 319 4413; x_wconf 84' lang='lat' dir='ltr'>the</span> <span class='ocrx_word' id='word_1_358' title='bbox 331 4355 733 4427; x_wconf 71' lang='lat' dir='ltr'>HeadshipoiChristseeTlu’s</span> <span class='ocrx_word' id='word_1_359' title='bbox 744 4357 855 4410; x_wconf 77' lang='lat' dir='ltr'>remarks</span> <span class='ocrx_word' id='word_1_360' title='bbox 944 4373 982 4420; x_wconf 87' lang='lat'>¹4·</span> <span class='ocrx_word' id='word_1_361' title='bbox 1015 4357 1090 4422; x_wconf 80' lang='lat' dir='ltr'>quasi</span> <span class='ocrx_word' id='word_1_362' title='bbox 1105 4357 1141 4405; x_wconf 85' lang='lat' dir='ltr'>ad</span> <span class='ocrx_word' id='word_1_363' title='bbox 1156 4357 1221 4421; x_wconf 75' lang='lat' dir='ltr'>pios]</span> <span class='ocrx_word' id='word_1_364' title='bbox 1253 4357 1344 4408; x_wconf 88' lang='lat' dir='ltr'>Thdt.:</span> <span class='ocrx_word' id='word_1_365' title='bbox 1369 4357 1400 4409; x_wconf 77' lang='lat' dir='ltr'>dn</span> <span class='ocrx_word' id='word_1_366' title='bbox 1420 4361 1487 4410; x_wconf 77' lang='grc' dir='ltr'>ινσε-</span> 
     </span>
     <span class='ocr_line' id='line_1_38' title="bbox 275 4437 1488 4506; baseline -0.003 -11"><span class='ocrx_word' id='word_1_367' title='bbox 275 4460 310 4494; x_wconf 84' lang='grc' dir='ltr'>οιι</span> <span class='ocrx_word' id='word_1_368' title='bbox 324 4458 335 4494; x_wconf 86' lang='lat' dir='ltr'>r</span> <span class='ocrx_word' id='word_1_369' title='bbox 349 4443 409 4494; x_wconf 87' lang='lat' dir='ltr'>Cor.</span> <span class='ocrx_word' id='word_1_370' title='bbox 421 4443 454 4494; x_wconf 80' lang='lat' dir='ltr'>xi.</span> <span class='ocrx_word' id='word_1_371' title='bbox 468 4455 497 4506; x_wconf 75' lang='lat'>32</span> <span class='ocrx_word' id='word_1_372' title='bbox 514 4438 564 4492; x_wconf 74' lang='lat' dir='ltr'>dri</span> <span class='ocrx_word' id='word_1_373' title='bbox 577 4443 622 4502; x_wconf 73' lang='lat' dir='ltr'>uir</span> <span class='ocrx_word' id='word_1_374' title='bbox 636 4439 682 4490; x_wconf 79' lang='lat' dir='ltr'>rori</span> <span class='ocrx_word' id='word_1_375' title='bbox 694 4437 804 4504; x_wconf 72' lang='lat' dir='ltr'>Xptorou‘</span> <span class='ocrx_word' id='word_1_376' title='bbox 813 4438 855 4489; x_wconf 71' lang='grc' dir='ltr'>ἐπὶ</span> <span class='ocrx_word' id='word_1_377' title='bbox 907 4438 977 4501; x_wconf 65' lang='grc' dir='ltr'>βίον</span> <span class='ocrx_word' id='word_1_378' title='bbox 987 4437 1120 4498; x_wconf 68' lang='grc' dir='ltr'>νομοθετῶν</span> <span class='ocrx_word' id='word_1_379' title='bbox 1130 4439 1300 4502; x_wconf 69' lang='grc' dir='ltr'>προστέθειτο</span> <span class='ocrx_word' id='word_1_380' title='bbox 1309 4437 1338 4488; x_wconf 79' lang='grc' dir='ltr'>τά</span> <span class='ocrx_word' id='word_1_381' title='bbox 1348 4441 1377 4488; x_wconf 79' lang='grc' dir='ltr'>ἐν</span> <span class='ocrx_word' id='word_1_382' title='bbox 1386 4441 1488 4492; x_wconf 70' lang='grc' dir='ltr'>τουτί.</span> 
     </span>
    </p>
   </div>
   <div class='ocr_carea' id='block_1_13' title="bbox 0 0 1674 5232">
    <p class='ocr_par' dir='ltr' id='par_1_20' title="bbox 0 0 1674 5232">
     <span class='ocr_line' id='line_1_39' title="bbox 0 0 1674 5232; baseline 0 1"><span class='ocrx_word' id='word_1_383' title='bbox 0 0 1674 5232; x_wconf 95' lang='lat' dir='ltr'> </span> 
     </span>
    </p>
   </div>
  </div>
 </body>
</html>
