3340 5232
283 389 342 470 148
622 401 849 455 ennononus
873 401 1164 454 norsonsrsuus
1358 386 1483 470 [11.11.

280 571 474 636 nullomodo
512 573 701 654 poterimus.
750 595 849 637 omne
886 594 965 637 uero
998 574 1233 656 quodcumque
1263 571 1389 637 bonum
1423 581 1484 649 est,

280 673 548 756 permanebimus
567 674 725 738 facientes
744 675 833 739 illud.
877 675 941 738 hoc
961 677 1050 740 enim
1066 677 1169 740 dicit:
1190 675 1291 739 creati
1304 675 1339 738 in
1357 673 1485 740 Christo

279 777 354 840 Iesu
378 777 414 840 in
437 779 581 859 operibus
604 779 716 854 bonis,·
738 776 802 862 †ut
827 780 883 844 illa
908 800 993 863 quae
1019 802 1078 864 per
1102 792 1252 845 nostrum
1275 782 1483 864 propositum

280 899 379 960 agere
415 879 608 943 nullomodo
645 881 810 944 ualuimus
840 883 893 964 (eo
922 884 1013 965 quod
1043 883 1202 947 naturalis
1232 882 1405 946 infirmitas
1434 901 1485 944 re-

249 979 453 1062 5pugnabat
479 980 596 1060 nobis),
620 982 703 1046 haec
727 985 798 1048 sine
821 983 934 1047 labore
960 985 1071 1067 aliquo
1095 1005 1170 1048 curn
1196 985 1300 1049 multa
1327 983 1485 1047 facilitate

280 1099 340 1161 per
361 1082 503 1162 gratiam
526 1085 604 1159 eius,
628 1086 684 1164 qui
707 1105 768 1148 nos
794 1087 836 1148 ad
863 1085 927 1149 hoc
952 1088 1070 1150 iterum
1094 1089 1225 1163 creauit,
1249 1086 1403 1169 perficere
1426 1106 1486 1168 po-

280 1182 468 1248 metimus*
512 1184 624 1248 dicens
658 1205 736 1248 uero
768 1187 803 1248 in
836 1186 925 1251 hisce
957 1189 1201 1252 resurrectionis
1231 1190 1364 1265 bonum,
1394 1189 1484 1271 quod

282 1304 459 1348 commune
482 1295 554 1350 erat
577 1288 740 1364 omnibus
755 1290 826 1352 siue
850 1289 913 1352 illis
938 1293 995 1371 qui
1019 1311 1064 1353 ex
1088 1292 1243 1373 gentibus
1267 1291 1485 1364 crediderunt,

282 1390 353 1453 siue
374 1389 437 1453 illis
460 1391 517 1472 qui
542 1411 586 1454 ex
614 1391 767 1474 Iudaeis;
800 1394 833 1456 in
860 1394 1136 1475 subsequentibus
1161 1394 1241 1457 illud
1269 1394 1370 1457 adicit
1395 1393 1485 1475 quod

231 1491 406 1555 tolucrum
439 1491 569 1556 illorum
600 1502 730 1557 tantum
760 1505 831 1558 erat
859 1495 916 1576 qui
946 1516 990 1557 ex
1020 1496 1174 1588 gentibus
1201 1504 1302 1571 erant,
1329 1493 1485 1574 eoquod

283 1595 420 1678 Ephesii
451 1617 496 1659 ex
525 1599 680 1679 gentibus
710 1599 753 1661 ad
783 1597 884 1661 fidem
916 1598 1037 1663 Christi
1067 1609 1283 1663 accesserunt
1328 1606 1362 1661 et
1388 1595 1487 1659 uehe-

282 1703 427 1765 mentius
461 1701 536 1764 Deo
572 1703 696 1783 gratias
726 1721 823 1782 agere
853 1702 1059 1784 deproperat,
1091 1723 1131 1764 eo
1161 1703 1250 1784 quod
1282 1721 1348 1764 non
1379 1700 1514 1763 solum‘

282 1822 343 1885 pro
358 1803 598 1879 communibus,
615 1803 672 1866 sed
689 1823 749 1886 pro
765 1804 831 1865 suis
846 1805 987 1886 propriis
1001 1803 1167 1866 debitores
1182 1813 1276 1866 erant
1291 1802 1324 1866 id
1341 1801 1467 1865 facere:

342 1974 584 2060 propterquod
605 1996 757 2040 memores
780 1986 874 2040 estote
898 1977 1050 2059 quoniam
1075 1997 1132 2040 uos
1156 1977 1215 2060 qui
1238 1975 1363 2040 dudum
1388 1976 1490 2040 eratis

233 2093 268 2159 15
278 2089 397 2164 gentes,
412 2081 448 2143 in
462 2101 557 2143 carne
570 2081 629 2162 qui
640 2081 833 2144 dicebamini
838 2080 1054 2162 praeputium.

350 2217 439 2299 quod
466 2216 555 2292 dicit,
582 2216 744 2290 incarne,
770 2215 856 2279 adici
884 2215 929 2278 illi
954 2216 1054 2280 debet
1083 2217 1141 2298 qni
1164 2215 1322 2293 dicimini,
1356 2238 1422 2280 non
1455 2217 1488 2281 in

286 2319 342 2382 illo
364 2321 455 2384 dicto
476 2340 544 2402 quo
560 2329 671 2403 gentes
692 2321 800 2396 dixit;
823 2328 860 2383 ut
883 2341 998 2383 sensus
1019 2320 1073 2384 hic
1096 2342 1168 2384 esse
1190 2321 1362 2386 uideatur:
1382 2323 1442 2406 qni
1454 2325 1491 2387 in

285 2442 380 2484 corne
393 2421 544 2485 dicimini
550 2420 765 2504 praeputium.
797 2422 899 2486 adicit
913 2423 1001 2485 enim
1015 2443 1023 2486 :

350 2588 392 2653 ab
406 2587 466 2652 illo
479 2608 560 2670 quoe
573 2585 695 2651 dentur
707 2587 903 2652 circumcisio
918 2587 953 2651 in
967 2608 1063 2650 earne
1078 2609 1177 2651 mmm
1184 2589 1288 2670 sacta.

232 2891 276 2941 20
354 2867 392 2936 ἵν’
409 2867 492 2954 ὅπερ
507 2869 574 2936 ἀπὸ
592 2874 648 2952 τῆς
670 2870 788 2941 οἰκείας
806 2869 1024 2958 προαιρέσεως
1044 2870 1248 2955 κατορθῶσαι
1266 2867 1410 2952 οὐδαμῶς
1429 2867 1496 2934 οἶοί

288 2999 324 3039 τε
345 2972 514 3057 ἐγενόμεθα
535 2975 582 3061 τῷ
599 2970 659 3054 τὴν
679 2972 821 3056 φυσικὴν
844 2969 1074 3057 ἀντιπράττειν
1096 2970 1174 3054 ἡμῖν
1196 2969 1376 3048 ἀσθένειαν,
1391 2973 1494 3036 ταῦτα

288 3074 367 3163 δίχα
380 3077 482 3142 πόνον
496 3075 615 3146 παντὸς
631 3075 693 3141 σὺν
707 3073 859 3163 εὐμαρείῃ
871 3077 984 3158 πολλῇ
998 3074 1114 3162 χάριτι
1129 3076 1187 3140 τοῦ
1201 3071 1283 3161 πρὸς
1298 3075 1394 3138 τοῦτο
1408 3071 1494 3154 ἡμᾶς

287 3177 510 3259 ἀνακτίζοντας
524 3177 713 3244 ἐπιτελέσαι
727 3177 802 3259 ἡμῖν
818 3177 992 3260 ἐγγένηται.

339 3403 353 3452 5
370 3389 450 3438 multa
459 3405 498 3437 om
511 3387 544 3436 H
672 3388 688 3438 6
704 3389 842 3452 poterimus
855 3388 878 3438 C
893 3395 1036 3451 poteramus
1046 3386 1080 3435 H
1196 3389 1210 3436 8
1227 3393 1298 3435 erant
1311 3386 1368 3450 (for
1378 3384 1440 3449 erat)
1455 3386 1494 3436 C*

292 3469 323 3518 16
339 3469 490 3518 dicebamini
503 3465 608 3532 0(ch
622 3467 626 3532 Ι
642 3467 679 3518 illi
696 3467 752 3533 (fiir
767 3469 793 3517 in
809 3467 864 3532 illo)
885 3468 907 3518 C
922 3465 995 3532 (corr)
1096 3469 1125 3517 18
1141 3467 1218 3517 abicit
1237 3467 1297 3516 CH
1413 3481 1445 3516 no
1455 3483 1492 3532 sq.

292 3551 370 3602 Coisl.
385 3566 432 3612 ²0⁴
445 3551 460 3600 l.
472 3567 493 3598 c.
1069 3549 1071 3554 “

327 3747 365 3796 13.
398 3731 510 3781 debitores
524 3739 596 3781 mant
612 3731 741 3797 elisaeae]
774 3732 869 3790 ὁφειλέ-
917 3730 946 3779 in
957 3744 1141 3779 corne...monu
1144 3728 1217 3792 sacta
1225 3728 1289 3778 have
1301 3727 1375 3779 fallen
1386 3736 1431 3778 out
1442 3729 1498 3794 [per

292 3831 333 3864 ται
352 3810 414 3873 ἦσαν
431 3814 531 3873 ποιῆται
552 3815 640 3864 τοῦτον
671 3812 703 3863 cf.
723 3813 781 3863 Gal.
798 3829 823 3860 v.
845 3829 867 3877 3,
918 3810 1133 3872 homoeoteleuton}

291 3895 419 3955 ὀφειλέτης
438 3898 505 3945 ἐστὶν
527 3897 583 3945 ὅλον
608 3897 650 3944 τὸν
677 3898 748 3954 νόμον
768 3896 870 3956 τοιῆσαι
954 3893 1044 3954 16,17.
1078 3909 1128 3941 non
1145 3893 1173 3941 in
1190 3893 1233 3940 illo
1243 3892 1312 3953 de'cto,
1326 3892 1383 3954 dcc-l
1415 3892 1500 3941 heir

293 3978 429 4040 (“debitor
438 3987 477 4028 est
488 3985 565 4027 totum
577 3978 659 4042 legem
669 3977 773 4042 implere
783 3977 817 4038 '').
919 3977 990 4039 σαρκί
1016 3975 1064 4036 (1⁰)
1087 3975 1108 4024 is
1131 3982 1158 4024 to
1180 3975 1213 4024 be
1236 3975 1374 4025 connected
1390 3975 1452 4025 with
1476 3975 1499 4024 ol

329 4075 366 4124 15,
381 4059 418 4109 16.
441 4059 487 4124 qui
495 4059 640 4109 dicebamini
652 4097 699 4109 .....
702 4057 826 4118 dr'cimim]
849 4060 871 4108 ol
919 4058 975 4117 λε’γ.
986 4057 1141 4119 ἀκροβυστία
1155 4061 1261 4106 sonsto
1273 4055 1376 4105 balance
1387 4057 1413 4104 ἐν
1426 4057 1499 4118 capri

293 4144 436 4205 λεγόμεναι
464 4142 496 4192 ci.
516 4158 542 4208 p.
563 4139 600 4201 16,
626 4142 643 4190 l.
662 4158 684 4202 n,
705 4150 772 4190 note.
815 4141 870 4190 The
921 4136 975 4203 (ιθ),
995 4139 1076 4188 which
1101 4138 1212 4187 attaches
1225 4139 1306 4188 -itself
1327 4148 1354 4188 to
1376 4136 1418 4197 τῆς
1441 4141 1498 4201 λη.

294 4239 363 4272 same
380 4223 524 4272 fluctuation
543 4222 564 4270 is
583 4222 661 4271 found
683 4223 709 4271 in
731 4221 774 4270 the
796 4221 870 4269 Latin
921 4220 1058 4282 περιτομῆς.
1091 4220 1169 4270 Thdt.
1193 4221 1282 4285 adopts
1306 4221 1355 4270 this
1377 4228 1498 4285 punctua-

294 4303 439 4353 nuthorities
455 4303 491 4351 od
504 4303 529 4350 Ιι.
542 4303 560 4350 l.
594 4300 717 4351 Ianiranc
732 4301 793 4350 cites
807 4300 874 4364 quod
921 4301 974 4351 tion
991 4302 1027 4351 ior
1044 4303 1167 4352 thesame
1184 4319 1287 4352 reason:
1305 4305 1342 4353 ὅτι
1359 4303 1500 4362 insistere

294 4385 463 4434 dicit...debere
477 4385 528 4433 dici
534 4399 544 4442 ,·
570 4385 615 4432 but
632 4383 738 4447 through
756 4399 788 4432 an
803 4397 871 4430 error
921 4387 953 4434 τὰ
962 4387 1028 4442 ἔθνη.
1040 4383 1144 4432 ἐνταῦθα
1154 4381 1500 4444 δεῖστὶξαι.,.καιήτεριτομή

296 4467 325 4516 ol
343 4466 381 4515 his
401 4467 496 4530 copyist
520 4482 548 4514 or
565 4466 645 4515 editor
664 4466 707 4516 the
725 4468 806 4517 words
828 4468 874 4530 qui
921 4467 965 4526 τῆς
976 4467 1072 4527 σαρκός,
1087 4467 1125 4513 rol
1138 4465 1154 4525 ἡ
1166 4467 1315 4528 ἀκροβυστία
1325 4465 1368 4524 τῆς
1379 4465 1474 4527 σαρκός.
