3340 5232
187 371 215 439 1.
238 393 284 459 19,
302 375 367 460 20.]
597 390 639 440 ru
664 389 717 442 aa.
742 391 793 442 nn
816 357 1003 446 urxasros.
1333 391 1394 461 ¹37

254 566 306 625 ‘et
334 570 461 644 quanta
489 561 596 627 aderit
625 563 737 629 fruitio
765 562 928 629 bonorum
959 566 1083 630 sanctis
1114 566 1178 632 Dei
1215 567 1249 632 in
1282 567 1393 632 futuro

187 660 338 727 saeculo.¹
384 663 469 727 bene
491 674 604 728 autem
630 665 776 747 gloriam
797 665 988 730 loraditatis
1009 669 1150 745 uocauit,
1175 688 1216 732 eo
1242 668 1332 750 quod
1359 676 1394 732 et

186 758 322 842 gloriosi
343 762 522 826 efficiemur
544 774 622 828 tunc
645 785 704 847 per
725 768 991 850 magnitudinem
1014 769 1213 836 donationis.
1255 767 1395 833 diuitias

187 874 301 928 autem
310 865 438 948 gloriae
452 867 549 944 dixit,
570 877 608 931 ut
627 869 718 933 dicat
740 869 959 934 donationum
978 870 1225 937 eminentiam!
1269 872 1393 936 etenim

188 963 294 1028 multa
320 968 485 1047 quaedam
510 978 562 1033 est
587 989 667 1052 erga
693 990 754 1032 nos
782 970 845 1034 Dei
873 969 1062 1050 liberalitas,
1094 973 1258 1055 siquidem
1285 973 1394 1036 soluta
1430 983 1447 1053 5

188 1076 295 1130 morte
318 1067 352 1130 in
375 1069 685 1152 incorruptibilitate
705 1073 886 1150 constituti,
910 1071 996 1137 ultra
1019 1095 1156 1157 peccare
1182 1095 1250 1138 non
1273 1075 1394 1158 poteri·

187 1188 282 1245 mus;
306 1171 363 1234 sed
380 1172 414 1234 in
431 1163 537 1235 multa
552 1174 697 1254 quadam
714 1176 996 1240 commorabimur
1015 1175 1173 1254 claritate,
1197 1188 1394 1261 perpetuam

187 1293 266 1355 erga
282 1273 393 1338 Deum
409 1273 571 1339 habentes
586 1277 863 1362 coniunctionem.

250 1419 284 1472 at
307 1430 387 1491 quaa
411 1411 458 1475 sit
480 1413 716 1494 superemineret
738 1413 928 1497 magnitudo
951 1415 1088 1479 uirtutis
1112 1415 1181 1478 aius
1203 1415 1239 1479 ia
1262 1437 1318 1480 nos
1337 1415 1397 1498 qui

184 1508 388 1574 credidimus.
1410 1535 1450 1584 10

253 1638 305 1696 ‘et
319 1632 431 1717 qualia
447 1633 500 1697 uel
516 1655 618 1718 quam
634 1653 758 1718 magna
781 1656 860 1719 erga
880 1657 950 1715 noa
966 1637 1022 1720 qui
1041 1637 1074 1700 in
1090 1657 1167 1701 eum
1183 1639 1393 1716 credidimuS,

186 1733 230 1812 ab
245 1754 286 1797 eo
301 1734 499 1801 efficientur!

251 1839 424 1903 considera
460 1849 571 1903 autem
610 1849 644 1904 et
679 1839 744 1904 hoc
781 1840 815 1903 in
853 1840 926 1904 loco
963 1842 1246 1924 quemadmodum
1284 1842 1394 1906 modis

185 1940 339 2004 omnibus
355 1941 489 2006 extollit
504 1941 640 2006 uerbum
657 1943 719 2007 sub
733 1943 914 2025 gratiarum
931 1944 1068 2020 actione,
1078 1953 1178 2025 prout
1192 1943 1393 2007 conueniens

185 2051 257 2105 erat
269 2059 277 2117 ;
311 2063 378 2106 non
415 2045 529 2108 dicens
559 2045 705 2127 gloriam
740 2043 928 2108 hereditatis
964 2043 1123 2121 absolute,
1161 2045 1219 2108 sed
1255 2043 1394 2107 diuitias
1410 2056 1446 2125 ις

179 2144 331 2226 gloriam·
354 2167 462 2230 neque
477 2147 633 2210 uirtutem
647 2147 717 2211 eius
729 2167 811 2229 quaa
829 2147 866 2211 in
881 2146 970 2211 nobis
985 2157 1040 2224 est,
1057 2148 1115 2211 sed
1134 2167 1242 2232 neque
1264 2146 1392 2230 magm-

185 2243 331 2334 tudinem
356 2251 494 2314 uirtutis
522 2249 639 2328 solum,
673 2251 731 2314 sed
766 2249 997 2314 uehementius
1026 2252 1209 2314 secundum
1236 2251 1270 2315 id
1300 2253 1392 2336 quod

185 2370 258 2415 esse
274 2352 413 2431 uidetur,
429 2353 539 2417 dixit:
562 2353 798 2436 supereminens
812 2352 1003 2437 magnitudo
1018 2352 1161 2420 uirtutis.

248 2503 420 2568 sacurulum
435 2503 645 2586 operationem
652 2503 814 2586 potentiae
819 2502 1036 2585 fortitudinis
1050 2503 1127 2570 aas,

250 2641 284 2695 et
298 2629 362 2694 hoc
382 2631 416 2694 in
438 2630 512 2694 loco
533 2651 600 2694 non
621 2629 710 2695 dixit
723 2603 940 2711 fortitudinis
957 2629 1117 2706 absolute,
1139 2631 1197 2694 sed
1220 2631 1392 2697 sacrandum
1405 2641 1449 2694 20

177 2734 355 2818 potentiam
362 2733 601 2815 sortitudiair,·
624 2743 662 2796 ut
676 2734 787 2797 dicat:
811 2731 898 2796 illius
914 2754 1057 2816 magnae
1072 2744 1106 2798 et
1121 2735 1269 2817 potentis

249 2857 348 2944 quam
362 2868 510 2943 operatus
522 2853 570 2922 es't
583 2859 619 2922 in
637 2857 773 2934 Christo,
786 2857 947 2921 suscitans
960 2880 1033 2922 mm
1046 2879 1086 2922 ar
1099 2857 1246 2924 mortuis.

185 3087 240 3153 καὶ
255 3085 318 3168 ὅση
334 3114 383 3159 τις
397 3087 566 3175 περίεστοι
581 3090 696 3170 κτῆσις
715 3082 843 3168 ἇογοθῶν
863 3089 930 3164 τοῖς
944 3088 1010 3178 ιτοῦ
1032 3083 1108 3150 θεοῦ
1128 3081 1233 3166 ἁγίοις
1256 3082 1310 3150 ἐπὶ
1332 3088 1391 3152 τοῦ

184 3189 365 3271 μελλοντος
386 3187 511 3261 αἰῶνος·
527 3192 635 3260 καλῶς
650 3188 684 3255 δὲ
700 3187 816 3272 δόξαν
829 3187 889 3272 μὲν
906 3185 1165 3275 κληρονομίας
1181 3187 1335 3253 ἐκάλεσεν
1350 3185 1392 3259 ὥς

185 3291 226 3359 ἂν
240 3292 396 3376 ἐπιδόξων
410 3291 484 3358 τότε
497 3288 673 3376 Ιηινομείκοο
687 3290 786 3376 ἡμων
800 3293 970 3357 πλοῦτον
985 3288 1020 3355 δὲ
1034 3286 1152 3373 δόξης,
1169 3287 1221 3382 iva
1235 3289 1310 3374 εἴπῃ
1326 3291 1391 3356 τῶν
1404 3301 1443 3368 25

182 3393 307 3484 δωρεῶν
321 3395 379 3477 τὴν
393 3392 591 3481 ὑπερβολήν.

410 3513 750 3581 dincorruptibilitatemlr'
888 3528 919 3578 ορ,
936 3510 1108 3577 τῆς(ίοττοῖε)
1122 3511 1164 3562 Cr.
1206 3533 1208 3540 >

217 3676 242 3719 4.
284 3663 314 3705 ut
348 3657 373 3704 d.
401 3655 563 3704 donatianum
589 3652 759 3714 eminentiam]
810 3657 860 3703 “et
882 3653 931 3702 hoc
952 3652 1070 3718 explanat
1092 3653 1255 3704 memoranda
1277 3669 1342 3718 quae
1363 3653 1389 3704 in

183 3733 317 3794 'rhotaul
325 3736 529 3792 δοάμεκς...τῶν
538 3735 630 3796 duperia
637 3733 761 3792 ὑποδεῖξαι
811 3735 911 3786 Christo
929 3735 995 3785 iacta
1014 3733 1098 3796 sunt‚”
1116 3735 1167 3784 aud
1189 3735 1250 3785 theu
1269 3737 1390 3798 resumes]

183 3817 213 3866 ri
229 3818 339 3878 μέγεθος,
361 3812 444 3865 πολλὰ
462 3817 525 3864 rard
542 3815 631 3864 ταύτὸν
654 3812 761 3874 ὀνόματα
806 3825 835 3867 et
857 3817 987 3866 considera
1009 3817 1068 3882 quia
1095 3832 1146 3866 non
1170 3817 1230 3866 dicit
1248 3817 1286 3881 gl.
1308 3818 1389 3866 iered.

184 3900 339 3962 συναθροίζει,
355 3899 430 3957 δεῖξαι
445 3897 525 3947 τοῦτο
539 3897 682 3959 φιλονεικῶν
697 3898 760 3950 rard
808 3900 922 3951 absolute
944 3900 988 3950 sed
1005 3901 1076 3951 aaa.
1093 3901 1149 3964 gl.;
1173 3916 1254 3966 neque
1271 3901 1389 3950 uirtratem

183 3981 291 4040 δύναμιν.
324 3980 365 4028 διὰ
385 3978 457 4028 τοῦτο
483 3980 589 4028 ἐλπίδα
616 3981 756 4039 κλήσεως,
807 3981 867 4040 eius,
892 3979 936 4030 sed
958 3995 1039 4044 neque
1063 3995 1148 4043 magn.
1174 3980 1235 4030 uirt.
1259 3981 1318 4040 airu,
1344 3981 1388 4031 sed

183 4064 224 4113 aul
251 4061 379 4112 πλοῦτον
409 4063 492 4123 δόξης
518 4065 758 4124 ainamma...
810 4061 988 4122 vehementius,
1001 4061 1301 4126 quaea'tsuperam'aau,
1315 4062 1362 4112 dac.

181 4145 342 4195 cartula
352 4143 666 4206 ὄοατοιοῡταοοναηείρει.
844 4158 884 4193 ao.
913 4141 1091 4205 fora'tudiauJ
1114 4143 1260 4204 τῆςίσχύοο.
1287 4143 1388 4193 SoHil.

218 4238 257 4275 η.
283 4225 408 4288 aqualia,
423 4225 480 4286 δια]
506 4225 646 4274 lanfranc:
660 4225 761 4275 “idest
811 4223 935 4273 Ambrstr.
949 4223 999 4272 und
1012 4223 1054 4273 the
1065 4222 1200 4288 fragments
1211 4224 1344 4289 published
1354 4225 1389 4289 by
1454 4255 1456 4260 ·

176 4305 268 4371 qualia
284 4311 309 4355 et
326 4320 402 4370 quam
421 4321 514 4370 magna
531 4321 590 4370 erga
607 4321 654 4355 nos
673 4303 715 4370 qui
734 4304 760 4353 in
809 4305 914 4369 Ziegler,
929 4319 955 4368 p.
970 4316 1064 4366 117,u.

183 4403 240 4436 eum
258 4385 382 4437 credimus
400 4386 434 4436 ab
451 4403 482 4436 eo
498 4385 642 4436 efficientur.
677 4385 760 4448 [Here
844 4401 884 4434 rr.
916 4401 946 4434 ex
967 4384 1082 4446 mortuis]
1109 4385 1248 4450 ἐκπερῶν.
1283 4387 1326 4439 All
1346 4387 1397 4444 the,

183 4469 216 4518 he
240 4467 303 4518 adds
328 4465 401 4530 (from
425 4466 486 4526 Tb,
501 4483 544 4518 see
569 4483 595 4532 p·
618 4469 672 4532 ¹38·
694 4465 712 4515 1.
734 4467 758 4530 ο)
811 4466 885 4517 Latin
897 4465 1041 4516 authorities
1052 4465 1220 4530 giveamort.
