3292 5206
297 396 363 459 240
633 389 862 444 rnsononus
885 387 1179 443 uorsussrnnus
1291 375 1369 460 [ΙΙΙ.
1392 375 1504 454 15,16.

297 560 459 626 debemus
485 583 609 646 sapere,
633 581 732 644 porro
754 561 936 626 abicientes
959 560 1015 626 illa
1037 561 1150 624 omnia
1172 581 1259 644 quae
1287 569 1366 625 sunt
1388 579 1504 642 corpo-

297 663 387 741 ralia,
404 673 438 728 et
454 665 564 729 futuro
579 666 682 728 statui
697 674 922 729 consentanea
937 665 1059 728 sentire
1074 663 1255 727 debemus!

361 800 437 864 etsi
450 799 533 882 quid
543 798 641 862 aliud
650 798 773 881 sapitis,
788 809 819 862 et
832 799 888 861 lwc
901 798 991 863 uobis
1005 796 1096 861 Deus
1111 796 1271 861 reuelabit.

362 915 400 1000 †‘
410 919 533 981 etenim
549 918 576 980 si
593 919 758 981 nescimus
774 918 884 980 lutura
901 917 1013 1001 qualia
1033 917 1108 994 sint,
1124 915 1184 980 sed
1200 916 1278 999 ipsis
1295 916 1392 980 rebus
1408 914 1503 979 nobis

266 1027 281 1094 5
298 1020 354 1086 illa
370 1021 517 1086 ostendit
534 1019 672 1085 Deus’*

361 1168 583 1221 uerumtamen
608 1156 657 1220 ad
674 1156 761 1239 quod
779 1156 984 1234 occurrimus,
1008 1157 1117 1221 eadem
1141 1167 1284 1222 constare
1309 1157 1432 1241 regula,
1454 1154 1503 1218 id-

296 1258 402 1341 ipsum
415 1271 531 1343 sapere.

362 1376 546 1461 †‘interim
562 1379 692 1463 (inquit)
706 1382 739 1444 in
755 1380 876 1462 quibus
891 1401 1006 1445 sumus
1019 1390 1054 1445 et
1071 1381 1102 1444 in
1119 1382 1238 1464 quibus
1254 1381 1364 1446 uocati
1381 1401 1508 1457 sumus,-

297 1503 491 1566 permanere
520 1484 690 1558 debemus,
718 1495 978 1548 consentaneum
1004 1505 1084 1568 erga
1108 1484 1182 1549 illos
1208 1485 1363 1550 affectum
1394 1498 1504 1552 osten·

247 1585 424 1662 10denteS,
455 1595 489 1650 et
525 1606 594 1649 non
631 1586 840 1650 discedentes
870 1586 915 1650 ah
949 1588 1184 1668 expectatione
1221 1586 1415 1664 luturonrm,
1445 1588 1503 1652 sed

296 1687 479 1751 secundum
503 1687 595 1751 illam
616 1688 720 1750 uitam
741 1697 891 1750 nostram
912 1687 1053 1770 dirigere
1071 1687 1275 1752 debemus'*
1319 1687 1397 1752 hinc
1415 1689 1503 1752 enim

297 1793 566 1875 praecedentium
591 1792 766 1855 uerborum
796 1801 847 1855 est
870 1810 995 1854 sensus.
1040 1790 1177 1873 quidam
1203 1811 1281 1854 uero
1306 1811 1373 1854 non
1399 1792 1505 1855 inten-

224 1956 226 1962 .
298 1894 415 1957 dentes
436 1893 636 1976 sequentiae,
653 1894 748 1976 quasi
769 1890 922 1975 apostolo
945 1893 988 1955 de
1010 1893 1132 1956 uirtute
1155 1893 1357 1975 disputante,
1379 1892 1427 1956 sic
1450 1891 1506 1954 illa

297 2007 533 2080 susceperunt;
557 2006 591 2060 et
606 1997 696 2078 quod
713 1997 820 2060 dixit:
843 1997 905 2059 illa
920 2018 1001 2079 quae
1013 1996 1194 2079 posteriora
1215 2005 1294 2060 sunt
1313 1997 1506 2073 obliuiscens,

248 2234 283 2301 15
363 2211 392 2278 si
409 2209 463 2276 καὶ
480 2209 525 2293 μὴ
548 2211 642 2292 ἴσμεν
662 2209 807 2296 ἀκριβῶς
827 2209 868 2276 τὰ
893 2209 1061 2294 μέλλοντα
1082 2209 1179 2278 ’ὁποῖα
1198 2210 1406 2292 καθέστηκεν,
1427 2208 1505 2276 ἀλλ’

297 2314 354 2382 ἐπὶ
368 2319 432 2381 τῶν
446 2314 647 2404 πραγμάτων
662 2313 744 2382 αὐτὰ
758 2314 837 2397 ἡμῖν
851 2313 948 2398 δείξει
963 2315 979 2380 ὃ
996 2315 1074 2386 θεός.

365 2417 462 2489 ’τέως
479 2419 606 2505 (φησὶν)
622 2419 659 2484 ἐν
678 2418 725 2489 οἶς
744 2417 842 2499 ἐσμὲν
860 2418 917 2484 καὶ
935 2417 972 2484 ἐν
984 2417 1031 2489 οἷς
1049 2417 1229 2501 ἐκλήθημεν
1244 2418 1403 2500 ε’πιμένειν
1418 2412 1506 2502 ὀφεί-

297 2527 408 2604 λομεν,
433 2519 607 2607 σύμφωνον
636 2520 694 2602 τὴν
719 2520 794 2606 περὶ
825 2518 908 2587 αὐτὰ
931 2518 1078 2587 διάθεσιν
1102 2519 1356 2604 ἐπιδεικνύμενοι
1381 2519 1436 2585 καὶ
1461 2517 1506 2603 μή

298 2623 503 2710 ἐξιστάμενοι
521 2625 579 2704 τῆς
601 2625 663 2688 τῶν
677 2623 865 2704 μελλόντων
884 2621 1086 2709 προσδοκίας
1101 2622 1155 2689 καὶ
1170 2627 1228 2689 τοῦ
1243 2619 1313 2688 κατ’
1330 2622 1434 2686 ἐκεῖνα
1449 2619 1506 2686 τὸν

244 2747 287 2795 20
300 2727 415 2793 ἑαυτοῦ
429 2724 596 2814 ῥυθμίζειν
610 2726 704 2805 βίον]

351 2879 529 2946 ιίειυροςοίία
540 2881 548 2940 (
551 2878 599 2944 sor
615 2876 692 2944 corp.)
705 2895 721 2927 r
817 2885 943 2943 4quanta
959 2878 1040 2928 lutura
1057 2878 1141 2944 qualia
1157 2878 1207 2928 sint
1223 2879 1287 2928 CH
1314 2886 1339 2928 et
1352 2879 1405 2944 (bes
1414 2879 1505 2945 qualia)

299 2961 595 3023 addclcorrlrttxtg
674 2956 1343 3023 6ineandem(s0read.)C(corr)lregulamCH
1426 2959 1506 3026 9illis

302 3043 460 3092 CHztxtr
548 3055 577 3091 ιι
597 3038 942 3102 υἱίιυιοοιΗΙειιὶιοωεν
1031 3056 1059 3104 15
1072 3056 1109 3105 sp
1129 3041 1207 3090 Coisl.
1220 3057 1275 3104 204,
1289 3040 1307 3089 l.
1322 3041 1502 3104 13321Cr.vi.

300 3123 360 3188 πῃ]
393 3125 468 3172 ίλλος
479 3123 505 3172 δέ
516 3129 599 3184 φησιν·
617 3124 640 3171 εί
651 3123 699 3180 καί,
714 3123 788 3171 κ.τ,λ.

333 3287 358 3332 4.
391 3267 717 3328 ιίεκίικιίνιειείκιιιι,8κο.]
745 3267 832 3316 Τίτᾱίζι
851 3269 876 3316 εί
927 3267 1133 3334 beendisplaoed
1144 3271 1179 3334 by
1189 3271 1232 3320 the
1243 3269 1294 3320 zeal
1304 3269 1333 3320 ol
1340 3277 1497 3320 acorreclor.

301 3353 327 3401 δὲ
350 3353 396 3400 καί
418 3350 456 3412 μή
477 3347 602 3411 α’κριβῶς
622 3345 774 3408 transductio
791 3348 878 3398 ὀτοῖα
961 3355 986 3403 6.
1023 3354 1106 3402 eadem
1123 3359 1232 3402 constare
1247 3354 1339 3416 regula,
1355 3353 1412 3414 dte]
1448 3353 1505 3408 Th..

301 3429 380 3482 rainl
397 3433 464 3481 ίοτυ
479 3432 525 3494 [sc.
543 3432 576 3478 rh
593 3432 736 3492 προκείμενα
753 3432 877 3495 βραβεῖα],
928 3435 990 3483 wilh
1009 3434 1052 3484 the
1071 3435 1143 3484 other
1159 3435 1210 3484 Gk.
1229 3434 1374 3499 expositors,
1394 3435 1454 3484 read
1472 3433 1506 3494 τῷ

301 3510 362 3562 ἀλλ’
374 3511 415 3561 οὗν
427 3513 512 3560 εἰδέναι
522 3513 639 3574 προσήκει
650 3513 680 3561 ὡς
696 3512 784 3571 δείξει
800 3513 878 3560 ταῦτα
930 3515 996 3576 αὐτῷ
1013 3517 1120 3576 στοιχεῖκ
1136 3514 1223 3574 κανόνι,
1236 3517 1264 3565 τὸ
1276 3513 1334 3564 αὐτὸ
1347 3517 1505 3578 φρονεῖν-αα

301 3593 369 3655 ἡμῖν
384 3589 397 3640 d
413 3589 564 3652 ἀγωνοθέτης
579 3591 655 3640 θείς.
684 3591 710 3640 Α
721 3592 878 3655 comparison
929 3597 1002 3646 order
1013 3597 1095 3646 which
1107 3597 1149 3646 the
1161 3597 1237 3661 Vulg.
1249 3611 1366 3646 reverses.

301 3673 331 3724 ol
338 3672 387 3723 this
398 3679 492 3722 extract
503 3669 564 3720 with
573 3671 615 3720 the
623 3671 817 3735 corresponding
826 3672 878 3721 Gk.
963 3692 986 3742 9.
1009 3693 1066 3741 erga
1078 3677 1133 3737 illa]
1164 3677 1212 3727 See
1223 3692 1263 3724 vv.
1276 3675 1303 3724 ll.

301 3755 330 3806 οί
343 3755 392 3806 Th.
413 3754 464 3803 will
481 3754 548 3803 shew
565 3753 622 3802 how
636 3753 730 3817 closely
744 3753 821 3803 Thdt.
833 3753 878 3803 lol-
965 3773 1003 3810 ιο.
1026 3758 1128 3823 quidam
1139 3773 1198 3807 uero
1214 3773 1264 3806 non
1281 3757 1437 3816 intendentes,
1451 3757 1506 3819 διο]

301 3839 382 3889 lowed
394 3837 433 3887 his
444 3844 543 3896 master,
556 3835 669 3894 without,
684 3836 808 3892 however,
820 3851 879 3884 con·
930 3841 986 3890 The
1003 3841 1106 3905 opinion
1122 3840 1152 3889 os
1165 3839 1254 3902 Chrys,
1275 3841 1327 3898 (see
1347 3839 1362 3889 l.
1383 3859 1406 3902 4,
1429 3837 1504 3902 note),

300 3921 455 3985 descending
466 3927 493 3968 to
504 3920 547 3969 the
557 3918 622 3968 level
633 3918 663 3967 os
676 3919 718 3968 the
729 3933 797 3968 mere
813 3925 879 3967 cate·
930 3923 979 3972 and
998 3921 1158 3982 Severianum
1176 3919 1208 3970 cl.
1223 3921 1325 3969 Cramer
1341 3919 1374 3968 vi.
1387 3919 1443 3982 276,
1458 3921 1506 3969 end

300 4005 358 4054 nist.
393 4002 480 4066 Chrys.
495 4001 540 4050 hes
551 3999 658 4065 perhaps
672 4015 742 4048 more
758 3998 879 4062 correctly
929 4010 1016 4066 supra,
1044 4018 1070 4067 p·
1100 4017 1147 4065 ηρ
1177 4002 1224 4062 (vv.
1252 4001 1300 4060 ll.).
1348 4000 1405 4050 Sev.
1437 4017 1506 4064 para·

301 4083 450 4151 exponnded
463 4083 486 4130 εί
493 4099 518 4130 τι
529 4082 625 4143 ἑτέρωςκ
643 4078 669 4129 οὐ
681 4083 734 4142 περί
751 4077 879 4141 δογμάτων
929 4085 1048 4147 phrases:
1072 4079 1114 4132 οὐκ
1136 4078 1287 4143 ἀσχολοῦμαι
1307 4083 1341 4131 είς
1362 4081 1390 4129 τὸ
1408 4079 1507 4139 drawn·

301 4171 380 4217 ταῦτα
391 4167 490 4226 είρηται,
502 4161 569 4213 α’λλδ
580 4165 634 4225 περί
646 4166 701 4226 βίου
716 4164 876 4222 τελειότητος,
929 4165 1121 4224 νίσκεσθαιτοὺς
1128 4160 1506 4225 ἀγῶνᾶςμουτοὺςτορελθόντος,

303 4252 343 4299 καί
358 4248 402 4297 τοῦ
417 4247 451 4306 μή
468 4247 568 4310 νομίζειν
584 4244 682 4296 ἑαυτοὺς
694 4246 798 4295 τελείους
809 4245 876 4294 εἶναι.
930 4241 985 4293 ἀλλ’
1002 4245 1033 4294 είς
1050 4245 1080 4293 τδ
1095 4245 1209 4304 μεριμνᾶν
1222 4245 1247 4291 τί
1264 4245 1409 4305 κατορθώσω
1425 4245 1460 4292 είς
1476 4245 1507 4292 τὰ

303 4333 358 4381 The
369 4331 462 4380 double
473 4329 604 4393 rendering
615 4327 644 4377 ol
652 4325 724 4377 ὁποία
733 4329 785 4389 (see
793 4344 833 4376 vv.
841 4327 879 4387 ll.)
929 4324 992 4385 ἑξῆς.
1027 4324 1114 4384 Thdt,
1129 4341 1162 4374 on
1174 4324 1216 4374 the
1227 4324 1317 4384 whole,
1332 4323 1429 4374 follows
1444 4325 1491 4374 Th.
1501 4341 1507 4373 ι

302 4415 324 4463 is
335 4415 383 4463 due
395 4421 422 4462 to
432 4428 447 4462 a
458 4411 579 4476 marginal
591 4411 665 4475 gloss,
678 4427 706 4460 or
717 4419 744 4461 to
755 4411 798 4460 the
811 4426 877 4460 com·
930 4405 1062 4468 παρεγγυᾷ
1078 4408 1158 4455 τοίνυν
1174 4405 1260 4456 αὐτοὺς
1273 4402 1308 4464 μὴ
1321 4403 1451 4466 ἀνέχεσθαι
1462 4405 1509 4454 τῶν

302 4494 415 4545 bination
430 4492 460 4543 ol
473 4501 524 4542 two
538 4493 661 4556 readings,
682 4493 768 4556 qualr'a
787 4491 881 4556 having
929 4492 961 4538 τὰ
981 4489 1065 4548 νομικὰ
1083 4487 1120 4548 τῷ
1142 4486 1279 4549 εὐαγγελίῳ
1298 4486 1506 4550 παραμιγνιίετων,
