3340 5232
179 396 307 481 11.16.]
591 410 633 460 ru
658 411 709 461 an
732 410 784 460 no
806 409 992 462 nannsms.
1322 417 1335 464 r
1343 414 1378 481 51

177 579 337 645 cisionem
364 577 472 643 solum
499 579 659 656 auferens,
682 579 740 643 sed
767 589 802 643 et
831 580 937 662 ipsam
965 579 1072 660 legem
1102 599 1231 644 cessare
1260 580 1383 645 faciens

178 699 238 761 per
263 700 323 744 sua
351 681 502 744 decreta'
546 701 631 762 quac
656 691 767 744 autem
796 691 874 744 sunt
903 679 1060 745 decreta?
1104 682 1306 759 resurrectio,
1334 682 1384 744 in-

177 783 372 867 corruptela,
388 783 615 846 inmortalitas.
646 782 742 866 haec
757 785 846 846 enim
859 783 1018 847 ‘decreta'
1035 785 1175 859 uocauit,
1195 786 1290 867 quasi
1305 785 1384 866 quia

179 896 213 951 et
243 887 276 950 in
307 907 341 949 re
367 887 442 963 sint,
465 907 509 949 ex
539 887 659 968 quibus
692 885 838 962 efficitur,
869 895 907 949 ut
936 887 1003 950 iam
1033 886 1119 950 ultra
1149 908 1286 970 peccare
1316 909 1383 952 non

178 988 353 1070 possimus,
383 1008 483 1068 opere
513 989 547 1050 id
573 987 687 1051 diuina
712 989 820 1069 gratia
847 987 880 1051 in
903 988 1001 1050 nobis
1023 988 1246 1070 expediente;
1277 990 1325 1052 ita
1347 997 1384 1052 ut
1420 1002 1436 1071 5

180 1107 287 1169 neque
309 1097 487 1170 praecepta
508 1088 643 1152 ulterius
666 1089 883 1171 indigeamus,
898 1109 1005 1171 neque
1027 1089 1095 1154 ulla
1118 1090 1277 1154 mandata
1298 1110 1384 1172 quae

178 1191 244 1254 alia
259 1190 393 1272 quidem
410 1211 471 1254 nos
486 1191 592 1254 facere
609 1191 734 1266 uolunt,
750 1190 816 1254 alia
830 1190 1037 1273 prohibent*

245 1292 336 1356 illam
362 1313 442 1375 ergo
466 1293 673 1357 inimicitiam
700 1303 734 1358 et
759 1296 1003 1376 separationem
1030 1314 1115 1376 quae
1141 1315 1186 1358 ex
1216 1295 1386 1359 circumci-

180 1396 273 1459 sione
303 1395 404 1460 fiebat
429 1417 505 1459 cum
535 1398 626 1460 omni
657 1395 729 1479 lege
759 1396 837 1461 fecit
866 1417 1017 1476 cessare;
1046 1399 1131 1462 duos
1161 1419 1230 1475 nos,
1261 1400 1295 1463 id
1325 1410 1384 1476 est,

180 1497 272 1561 illum
291 1501 348 1581 qui
373 1520 416 1562 ex
440 1500 596 1581 gentibus
619 1509 690 1563 erat
713 1511 747 1564 et
770 1501 827 1582 qui
850 1521 894 1564 ex
923 1501 1063 1577 Iudaeis,
1088 1522 1190 1564 unum
1216 1505 1383 1585 quendam
1402 1518 1442 1566 10

145 1633 150 1638 ·
181 1621 304 1664 nouum
332 1600 501 1665 hominem
524 1622 582 1684 per
604 1605 875 1667 resurrectionem
901 1602 1025 1667 faciens
1052 1604 1269 1683 inmortalem,
1294 1610 1384 1691 apud

180 1723 280 1785 quem
307 1702 398 1767 nulla
423 1704 680 1768 circumcisionis
709 1713 743 1768 et
772 1707 936 1789 praeputii
965 1706 1106 1771 habetur
1130 1710 1293 1776 discretio.
1330 1713 1384 1776 *sic

180 1809 270 1870 enim
293 1827 353 1871 nos
377 1809 410 1870 in
433 1827 536 1871 unum
559 1828 678 1891 corpus
696 1807 777 1872 illud
793 1809 968 1874 inmortale
983 1811 1105 1875 habere
1120 1812 1236 1890 effecit,
1253 1815 1287 1878 in
1302 1835 1385 1897 pace

181 1931 242 1972 nos
269 1909 481 1984 constituens,
507 1910 765 1975 familiaritatem
792 1914 961 1994 utriusque
990 1915 1086 1979 nobis
1113 1916 1205 1980 illam
1232 1938 1317 1999 quae
1341 1919 1383 1981 ad

181 2010 291 2074 Deum
329 2020 381 2075 est
411 2010 489 2074 hinc
526 2011 664 2077 donans.
712 2033 797 2095 quae
835 2025 955 2078 cuncta
991 2015 1091 2080 efficit
1118 2025 1182 2097 per
1217 1999 1383 2101 propriam
1403 2029 1437 2097 ις

180 2133 311 2189 crucem,
327 2123 363 2176 ut
383 2113 474 2177 dicat
488 2117 566 2195 ‘per
585 2115 774 2196 passionem
795 2124 830 2178 et
849 2116 1008 2192 mortem,’
1023 2137 1158 2180 omnem
1178 2117 1384 2182 inimicitiam

181 2233 267 2296 quae
287 2215 394 2278 inesse
417 2215 513 2279 nobis
538 2215 712 2279 uidebatur
736 2217 894 2294 adimens,
911 2225 1028 2300 utpote
1051 2227 1085 2282 et
1112 2219 1219 2300 ipsam
1243 2228 1383 2282 mortem

180 2425 283 2510 τομὴν
301 2425 391 2492 ἀλλά
406 2427 462 2494 καὶ
477 2428 575 2496 αὐτὸν
590 2430 647 2497 τὸν
667 2429 764 2514 νόμον
778 2431 923 2518 παίσας]
946 2429 1000 2496 διὰ
1018 2432 1082 2496 τῶν
1102 2426 1191 2496 ἰδίων
1206 2429 1384 2513 δογμάτων·

182 2528 236 2596 ἵνα
251 2531 337 2616 εἴπῃ,
349 2533 404 2611 τῆς
419 2531 634 2611 ἀναστάσεως,
650 2537 706 2616 τῆς
721 2533 916 2622 ἀφθαρσίας,
931 2537 988 2616 τῆς
1003 2531 1190 2604 ἀθανασίας·
1213 2532 1383 2617 δόγματα

181 2635 324 2704 καλέσας
343 2638 449 2700 ταῦτα
473 2633 515 2705 ὥς
537 2636 571 2702 ἐν
590 2635 779 2722 πράγμασιν
803 2637 887 2715 ὄντα,
907 2640 964 2718 τῆς
987 2637 1073 2708 θείας
1093 2637 1229 2724 χάριτος
1253 2635 1287 2700 ἐν
1307 2633 1385 2718 ἡμῖν
1398 2656 1441 2703 20

181 2735 496 2818 καταπραττομένης,
513 2735 555 2808 ὥς
568 2737 648 2821 μηδὲ
663 2737 925 2826 προσταγμάτων
939 2737 1023 2822 ἡμᾶς
1038 2739 1165 2805 δεῖσθαι
1180 2738 1236 2804 καὶ
1251 2738 1384 2818 ἐντολῆς

181 2842 238 2923 τῆς
253 2839 324 2906 τόδε
338 2866 370 2906 τι
383 2845 488 2907 ποιεῖν
503 2841 522 2923 ἢ
536 2841 582 2925 μὴ
597 2845 701 2908 ποιεῖν
714 2843 918 2925 βουλομένης
931 2839 1021 2926 ἡμᾶς.

280 3023 434 3075 rsolamH
540 3025 697 3090 13efficitC
805 3025 983 3091 14illaC*H
1080 3042 1210 3078 uarrom
1228 3028 1286 3078 edd.

215 3203 237 3238 a.
277 3186 493 3252 permadxreta]
527 3187 585 3244 ie..
603 3188 629 3236 ἐν
647 3187 766 3249 δόγμασιν
841 3199 864 3250 7.
896 3189 949 3239 σίία
966 3190 1072 3254 quidem,
1089 3189 1146 3251 δια]
1174 3189 1223 3240 See
1241 3190 1331 3252 below,
1351 3207 1384 3241 on

182 3269 225 3330 (ci.
245 3285 270 3335 p.
294 3283 347 3331 150,
372 3269 390 3320 l.
409 3284 431 3332 3,
457 3269 506 3317 “iu
528 3268 655 3318 edictis:”
681 3271 765 3320 where
807 3272 873 3322 Phil.
884 3273 919 3324 iii.
936 3289 972 3341 19,
988 3273 1045 3322 Col.
1059 3273 1083 3323 ii.
1099 3290 1139 3324 τι.

182 3349 295 3412 iren.¹¹⁸·,
312 3351 388 3414 Aug,
408 3348 543 3407 Ambrstr„
563 3349 648 3414 Vulg,
669 3351 765 3400 exhibit
839 3355 863 3402 8.
904 3353 975 3401 illam
989 3369 1043 3418 ergo
1057 3352 1222 3413 inimun'am,
1239 3353 1296 3416 dtu]
1332 3355 1381 3404 Th.

182 3434 230 3497 [in]
247 3433 372 3492 decretis).
406 3431 456 3481 Th.
474 3447 559 3496 agrees
576 3431 638 3482 with
655 3433 698 3483 the
715 3441 764 3484 rest
806 3436 1037 3497 κίετςτήνέχθραν
1047 3435 1137 3486 almost
1148 3437 1297 3502 exclusively
1306 3446 1332 3487 to
1340 3437 1384 3488 the

182 3513 211 3564 ol
225 3515 268 3564 the
286 3513 337 3564 Gk.
352 3513 491 3578 expositore
505 3515 532 3563 in
546 3515 695 3578 connecting
705 3517 731 3563 ἐν
742 3517 764 3563 δ.
803 3515 916 3581 jealousy
931 3516 1030 3566 created
1048 3518 1162 3566 between
1177 3517 1232 3581 Jew
1249 3519 1298 3567 and
1317 3519 1385 3568 Gen-

181 3593 244 3643 with
271 3594 435 3656 καταργήσας,
465 3592 511 3642 but
541 3593 614 3644 takes
640 3593 679 3642 his
707 3609 765 3643 own
806 3597 849 3645 tile
865 3597 900 3660 by
919 3596 962 3645 the
978 3595 1025 3645 rite
1038 3595 1068 3644 of
1081 3595 1252 3645 circumcislon
1272 3597 1322 3646 and
1340 3597 1384 3647 the

182 3691 268 3726 course
290 3677 317 3724 in
339 3675 382 3724 the
404 3681 495 3725 matter
517 3675 546 3725 ol
564 3676 761 3740 interpretation.
806 3676 903 3725 Mosaic
918 3675 973 3726 law.
1010 3675 1104 3741 Thpht.
1123 3692 1156 3725 on
1171 3676 1213 3725 the
1228 3677 1300 3725 other
1315 3677 1384 3728 hand

183 3757 275 3823 Comp.
295 3756 400 3822 Chrysr
419 3755 435 3816 ἢ
453 3759 499 3816 τήν
518 3757 601 3806 πίστιν
622 3754 662 3807 οὖν
680 3763 762 3818 φησιν,
805 3759 931 3824 explains:
960 3755 1071 3820 ἤέχδρα
1087 3755 1103 3818 ἡ
1120 3759 1179 3820 πρὸς
1200 3753 1242 3808 τὸν
1260 3753 1315 3807 θεία
1336 3761 1385 3808 τῶν

181 3840 197 3901 i)
219 3837 264 3900 τὴν
285 3839 468 3900 ταραγγελίανε
497 3837 584 3896 Thdt,
607 3835 719 3900 δίγματα
739 3839 765 3886 δὲ
805 3840 902 3888 ἐθνικῶν
924 3856 951 3887 τε
974 3840 1013 3888 καί
1034 3839 1083 3886 τῶν
1102 3835 1230 3886 Ἰουδαίων.
1280 3837 1384 3889 Photius

181 3919 226 3980 τὴν
258 3917 417 3981 εὐαγγελικήν
443 3920 599 3968 διδασκαλίαν
634 3921 763 3969 ἐκάλεσσε
805 3921 876 3985 [lap.
893 3920 968 3982 Oec.]
984 3919 1047 3970 aster
1062 3919 1175 3984 alluding
1192 3926 1219 3968 to
1233 3935 1248 3968 α
1262 3919 1329 3969 third
1345 3920 1383 3970 in·

183 4003 339 4062 Severianus,
364 4001 390 4050 ἐν
412 4002 531 4064 δόγμασιν
554 4004 603 4054 τοῖς
625 4005 692 4053 ἰδίοις
711 4003 764 4065 [ex·
804 4004 965 4068 terpretation
987 4003 1037 4065 [καὶ
1057 3999 1116 4064 τρίς
1132 3999 1252 4062 ἀγγέλους
1274 4003 1382 4062 ἐξεπολέ-

183 4084 296 4150 plaiuing
320 4083 389 4134 these
412 4091 439 4134 to
461 4085 494 4134 be
516 4087 559 4134 the
581 4083 716 4149 principles
738 4083 768 4132 ol'
803 4081 1079 4148 μωτοτὸἀνθρώπμονι
1095 4083 1256 4148 ciOrig.ap.
1270 4084 1381 4145 Cramer,

182 4163 311 4214 Christian
333 4164 467 4228 morality}
503 4163 553 4212 lh.
572 4180 605 4212 on
627 4163 669 4212 the
692 4163 763 4212 other
803 4165 836 4214 vi.
863 4167 927 4229 15o],
956 4165 1028 4216 seclis
1055 4173 1081 4216 to
1103 4166 1219 4215 oombine
1240 4166 1310 4216 these
1332 4172 1383 4215 two

181 4247 250 4296 hund
265 4246 429 4296 understands
444 4248 479 4310 by
492 4245 603 4309 δόγματα
617 4244 689 4310 (both
704 4245 763 4294 here
802 4248 879 4296 views
895 4247 921 4295 in
941 4263 1006 4297 oue:
1029 4247 1070 4296 νῦν
1087 4247 1114 4296 δὲ
1129 4247 1187 4297 τέως
1205 4248 1258 4309 περὶ
1277 4244 1325 4295 τῶν
1342 4249 1384 4296 δύο

181 4330 232 4380 and
249 4345 283 4378 on
299 4328 353 4378 Col
374 4329 399 4378 ii.
423 4343 461 4391 14,
478 4345 500 4392 q.
515 4329 552 4388 v.)
575 4328 617 4378 the
633 4327 695 4378 facts
712 4329 762 4377 and
802 4327 916 4391 [ἐχθρῶν]
927 4329 1094 4390 διαλαμβάνει,
1110 4325 1139 4387 ἢν
1154 4329 1220 4388 εἶχον
1236 4330 1258 4376 ol
1270 4329 1296 4386 tt
1310 4329 1385 4377 ἐθνῶν

181 4411 259 4475 hopes
268 4410 297 4460 ol
304 4409 347 4460 the
356 4409 459 4475 Gospel,
466 4410 549 4459 which
558 4411 609 4459 will
621 4410 763 4475 eventually
802 4407 861 4465 πρὸς
878 4411 932 4459 τοὺς
948 4411 974 4468 ἐξ
989 4406 1119 4466 Ἰουδαίων,
1135 4410 1174 4457 καί
1190 4407 1220 4467 ἢν
1236 4405 1311 4469 ἄμφω
1325 4410 1383 4470 πρὸς

181 4493 313 4558 supersede
326 4491 368 4543 the
379 4491 526 4543 ordinances
537 4491 566 4542 ol'
575 4493 616 4542 the
628 4494 685 4542 law.
801 4489 844 4539 τὸν
854 4488 908 4539 θεὸν
918 4487 967 4539 τῶν
976 4491 1047 4539 δλων.
