3332 5210
285 393 347 459 104
615 389 844 444 annononus
867 389 1158 442 nopsunsrnnus
1306 376 1378 462 [Vl.
1396 389 1478 460 3-5

281 563 531 627 communicare
570 563 616 626 eis
655 563 839 627 secundum
879 563 1037 626 uirtutem
1076 563 1305 645 unusquisque
1342 571 1489 627 uestrum

280 668 390 743 debet,
417 669 581 732 sarcinam
608 688 723 731 eorum
747 667 935 732 subleuans.
981 669 1152 750 quomodo
1183 678 1294 734 autem
1324 668 1389 734 hoc
1419 671 1489 734 fieri

280 772 426 855 poterit?
471 773 498 836 si
522 793 582 854 per
600 772 870 836 exhortationem
892 781 926 836 et
949 772 1122 836 lenitatem
1146 773 1323 837 uerborum
1341 775 1488 838 animam

176 889 181 900 ’
280 880 351 944 eius
378 898 524 941 recreare
550 877 796 956 acceleraueris‚
823 899 910 960 quae
940 879 1069 960 peccati
1107 879 1312 942 conscientia
1349 889 1489 962 grauata

248 1001 263 1067 5
280 981 464 1044 admodum
482 1001 555 1043 esse
570 981 703 1044 uidetur
714 977 749 1058 ;'
772 981 800 1042 si
815 981 905 1042 sanis
926 979 1072 1043 consiliis
1092 978 1241 1044 animum
1264 979 1335 1042 eius
1356 980 1490 1062 erigere,

279 1084 307 1146 si
335 1082 570 1146 exhortatione
595 1083 739 1162 eundern
771 1103 917 1145 recreare
942 1080 1106 1156 uolueris;
1144 1083 1173 1145 si
1203 1083 1487 1164 animaequiorem

248 1219 250 1224 ,
280 1185 404 1258 seceris,
430 1187 576 1248 inuitans
601 1187 746 1272 eumad
770 1187 1024 1268 promissionem
1056 1185 1251 1250 meliorum.’
1291 1195 1325 1251 et
1349 1188 1488 1251 modum

279 1287 344 1350 illis
371 1287 551 1350 ostendens
578 1288 667 1370 quod
694 1287 802 1352 facere
823 1309 879 1352 eos
896 1289 1098 1363 conueniens
1122 1298 1202 1366 erat,
1225 1291 1344 1352 iterum
1361 1288 1488 1353 inuehit

279 1407 315 1450 se
331 1386 394 1450 illis
410 1389 467 1470 qui
483 1390 527 1452 ob
544 1389 646 1454 fidem
662 1399 828 1454 seruatam
845 1411 968 1473 magna
984 1389 1027 1454 de
1042 1411 1078 1454 se
1093 1391 1290 1474 sapiebant:

227 1568 267 1616 10
343 1545 376 1608 si
388 1546 474 1610 enim
490 1548 623 1612 uidetur
634 1549 709 1632 quis
722 1569 787 1611 esse
800 1549 935 1632 aliquid,
948 1570 1020 1613 cum
1035 1549 1124 1613 nihil
1134 1549 1187 1626 sit,
1203 1549 1341 1633 seriarum
1355 1549 1486 1614 seducit.

345 1677 430 1742 bene
454 1681 586 1761 posuit:
619 1701 691 1743 cum
719 1680 808 1744 nihil
832 1681 902 1758 sit;
937 1681 1189 1764 qualiscumque
1219 1684 1307 1747 enirn
1338 1685 1489 1768 quisquis

279 1782 335 1846 ille
352 1783 458 1861 suerit,
474 1785 721 1868 scrupulositati
738 1779 855 1848 iudicis
878 1796 1099 1868 comparatus,
1115 1785 1197 1850 nihil
1219 1807 1292 1850 esse
1313 1788 1489 1866 uidebitur,

279 1899 397 1971 utpote
423 1889 525 1953 homo
548 1892 706 1955 existens.
751 1899 785 1953 et
808 1891 967 1972 quoniam
990 1890 1167 1953 uidebatur
1185 1890 1280 1954 firma
1302 1893 1487 1975 propositio

278 2017 336 2060 eos
352 1994 535 2061 extollere:

226 2158 238 2203 1
245 2154 260 2221 5
342 2137 420 2207 optas
433 2134 540 2188 aretem
555 2145 651 2186 snum
659 2123 773 2206 probet
786 2123 1013 2206 unmqnisque,
1028 2132 1059 2186 et
1079 2133 1153 2186 tunc
1172 2123 1207 2186 in
1227 2120 1365 2205 seipsum
1383 2123 1487 2187 solum

277 2227 405 2292 habebit
426 2226 580 2310 gloriam,
611 2237 643 2289 et
670 2247 733 2290 non
764 2227 799 2291 in
828 2227 976 2290 alterum.
1022 2227 1241 2310 unusquisque
1274 2227 1361 2292 enim
1391 2251 1487 2294 suum

270 2329 400 2409 pondus
407 2329 562 2410 portabit.

343 2452 461 2534 ‘igitur
483 2452 512 2514 si
537 2459 571 2514 te
591 2450 655 2515 hoc
679 2449 789 2516 iaciat'
801 2473 924 2536 magna
948 2472 1064 2535 sapere
1091 2453 1245 2536 eoquod
1269 2456 1487 2537 permanseris

277 2553 474 2616 inuertibilis
498 2555 530 2616 in
555 2553 666 2628 fidem,
689 2556 872 2618 secundum
897 2557 1042 2639 teipsum
1065 2555 1215 2638 gloriare,
1239 2557 1265 2618 si
1290 2565 1403 2620 tamen
1425 2558 1486 2621 tibi

221 2677 263 2724 20
276 2652 339 2726 hoc
362 2655 442 2719 utile
464 2677 536 2719 esse
557 2657 697 2742 uidetur.
744 2656 812 2720 noli
835 2667 948 2721 autem
971 2666 1005 2722 te
1028 2658 1191 2722 extollere
1207 2658 1367 2723 aduersus
1382 2681 1484 2742 prox-

276 2762 390 2838 imum,
407 2782 448 2824 eo
464 2761 555 2845 quod
571 2782 633 2825 nec
648 2762 776 2844 aliquid
792 2763 821 2826 ei
838 2762 998 2845 prodesse
1014 2772 1110 2846 potes
1132 2783 1192 2844 per
1210 2771 1302 2825 tuam
1323 2762 1485 2826 stabilita-

276 2876 353 2929 tem.
394 2866 619 2948 unusquisque
636 2867 724 2929 enim
742 2887 802 2948 pro
818 2887 854 2929 se
870 2867 1033 2929 rationem
1051 2875 1102 2928 est
1118 2865 1324 2930 redditurus!
1358 2868 1486 2949 optime

276 2978 390 3032 autem
407 2969 554 3032 ostendit
571 2990 638 3033 non
654 2969 778 3033 debere
800 2970 894 3033 illum
917 2971 973 3053 qui
995 2979 1063 3035 stat
1084 2970 1247 3034 extollere
1270 2991 1305 3034 se
1325 2973 1486 3038 aduersus

276 3070 370 3133 illum
394 3073 450 3154 qui
474 3073 635 3155 peccauit,
652 3073 818 3155 siquidem
839 3072 920 3136 nihil
945 3071 1038 3135 illum
1061 3072 1184 3136 desua
1205 3073 1333 3136 iuuabit
1353 3074 1481 3138 stabili-

220 3195 259 3260 25
277 3186 355 3241 tate.
401 3177 545 3259 primum
569 3176 659 3261 quod
683 3196 751 3240 non
774 3179 952 3240 conueniat
978 3176 1021 3240 de
1045 3176 1097 3238 his
1122 3195 1246 3257 magna
1268 3197 1385 3259 sapere
1408 3199 1485 3261 pro-

276 3283 455 3357 nunciauit‚
473 3281 639 3344 instruens
655 3289 692 3343 ut
712 3301 807 3344 suam
818 3281 1032 3362 respicientes
1045 3290 1206 3356 naturam,
1222 3279 1355 3343 solliciti
1378 3282 1486 3363 magis

276 3385 343 3447 sint
359 3404 418 3466 per
437 3381 569 3465 singula
589 3392 762 3446 momenta
782 3384 825 3447 de
848 3383 914 3446 illis
933 3383 1068 3446 incertis
1088 3403 1176 3466 quae
1199 3383 1351 3447 accidere
1375 3383 1485 3448 solent

275 3627 331 3694 καὶ
351 3631 547 3708 κοινωνῆσαι
569 3627 690 3714 [αὐτοῖς
712 3628 796 3695 κατὰ
815 3630 852 3695 τὸ
873 3628 1007 3695 δυνατὸν
1030 3629 1165 3700 ἕκαστος
1190 3627 1277 3711 ὑμῶν
1301 3625 1433 3713 ὄφεὶλεο,
1447 3627 1486 3695 τὸ

275 3729 408 3815 φορτίον
433 3730 538 3798 αὐτῶν
562 3729 746 3811 Βαστάζων.
791 3731 938 3802 καὶπῶς
963 3730 1003 3798 ἂν
1025 3731 1150 3816 γένοιτο
1177 3731 1302 3814 τοῦτο;]
1327 3725 1407 3796 ὅταν
1431 3730 1484 3796 διὰ

222 3859 263 3924 30
275 3833 496 3920 παραινέσεως
524 3833 579 3900 καὶ
602 3833 826 3922 χρηστότητος
851 3836 1058 3919 ἐπικουφίζης
1082 3833 1170 3922 αὐτῷ
1195 3831 1253 3917 τὴν
1280 3833 1397 3920 ψυχὴν
1420 3831 1485 3900 ὑπὸ

276 3939 333 4017 τῆς
347 3941 407 4002 τοῦ
423 3936 654 4025 ἁμαρτήματος
669 3939 880 4021 συνειδήσεως
895 3939 1131 4024 βεβαρημὲνην.

327 4113 337 4146 1
356 4111 399 4146 eos
413 4095 484 4146 C'H
530 4110 557 4143 12
575 4092 764 4156 scrupulositate
776 4093 809 4141 H
819 4089 823 4156 l
837 4091 968 4141 uidebatur
982 4091 1016 4142 θ’
1081 4104 1117 4154 15,
1135 4089 1164 4142 16
1181 4091 1270 4156 seipso,
1285 4089 1364 4140 altero
1377 4087 1483 4154 C(corr)

277 4194 306 4244 19
324 4175 492 4242 fideC(corr)
580 4190 610 4224 οι
632 4175 749 4239 potestC
851 4190 882 4239 ²3
898 4175 918 4224 is
931 4175 987 4240 (sor
996 4175 1103 4235 neuls!
1196 4188 1226 4238 27
1244 4177 1361 4225 accedere
1375 4174 1410 4225 θ’

274 4339 320 4378 μον
340 4320 390 4381 γὰρ
415 4317 522 4379 Χριστοῦ
545 4311 589 4376 τὴν
617 4311 716 4375 ἀγάπην
740 4313 855 4363 ἐκάλεσεν
907 4315 949 4364 the
966 4315 1049 4375 Latin,
1064 4315 1145 4365 which
1162 4331 1267 4382 appears
1284 4315 1343 4368 here
1359 4323 1386 4366 to
1402 4331 1484 4382 repre·

276 4398 438 4462 (citingJohn
448 4399 497 4448 xiii.
511 4397 560 4461 34).
588 4398 600 4445 1
610 4397 673 4446 have
682 4395 855 4446 endeavoured
906 4407 960 4450 sent
972 4399 1014 4450 the
1026 4399 1139 4464 original.

276 4493 303 4532 to
320 4491 411 4531 restore
430 4482 471 4531 the
490 4483 541 4533 Gk.
559 4481 588 4530 ol
603 4479 652 4530 this
668 4495 772 4546 passage
792 4479 855 4533 srom
