3342 5224
280 385 318 447 16
610 394 838 448 THEODORUS
862 392 1154 446 MOPSUESTENUS

1311 379 1370 463 [Il.
1389 375 1483 459 Η.

337 575 370 632 et
382 568 511 651 exposui
524 567 594 632 illis
607 567 812 650 mugelium
827 565 1070 650 quodpraedico
1086 566 1120 630 iu
1130 562 1289 650 gmiibus,
1302 561 1416 631 secreto
1429 567 1483 630 lais

273 669 334 752 qui
346 668 541 736 uidebantur
554 671 686 756 aliquid
696 692 762 736 esse
769 695 784 748 ,·
805 692 845 735 ne
864 690 988 754 quoquo
1003 668 1095 734 modo
1116 671 1153 734 in
1167 689 1306 734 uacrrum
1321 691 1480 734 currerem

273 788 335 842 aut
347 778 567 843 cruurrz'ssem.

340 926 418 970 nam
439 905 530 990 quod
553 904 692 970 dicitur:
716 924 755 967 us
773 923 896 986 quoquo
915 901 1016 979 modo,
1042 921 1110 966 non
1134 901 1354 966 dubitationis
1380 923 1481 966 causa

243 1024 258 1090 5
275 1007 414 1086 dicitur;
440 1009 500 1073 sed
512 1008 591 1093 quia
602 1007 752 1091 ‘suscepi
768 1005 1007 1072 reuelationem
1021 1003 1067 1070 ita
1078 1014 1116 1070 ut
1131 1007 1315 1072 ascendens
1327 1009 1480 1072 referrem
1533 1047 1539 1058 -

275 1119 309 1174 et
324 1129 529 1193 exponerem
549 1109 691 1194 egregiis
710 1108 940 1194 apostolorum
961 1108 1005 1172 de
1025 1107 1178 1172 doctrina
1197 1107 1261 1174 hac
1283 1131 1385 1193 quam
1400 1131 1482 1194 gen·

274 1212 364 1276 tibus
380 1212 512 1289 tradidi,
527 1220 565 1278 ut
580 1211 719 1278 credant
741 1210 876 1276 Christo
894 1212 967 1274 sine
982 1208 1050 1275 ulla
1070 1209 1153 1294 legis
1176 1211 1409 1294 obseruantia;
1435 1213 1482 1277 ita

275 1324 313 1379 ut
333 1335 400 1378 non
423 1315 538 1380 uidear
558 1335 645 1379 uene
660 1322 694 1379 et
709 1315 863 1398 putatiue
876 1314 1021 1393 circuire,
1037 1322 1072 1380 et
1090 1322 1205 1379 tantos
1224 1315 1336 1382 subire
1351 1317 1482 1383 labores

275 1438 390 1482 eorum
414 1438 516 1483 causa
541 1419 598 1501 qui
626 1417 761 1483 Christo
783 1418 945 1497 credunt;
977 1439 1020 1484 ne
1044 1421 1181 1503 quando
1205 1420 1380 1487 existimer
1405 1444 1481 1507 pro-

225 1548 264 1596 10
276 1523 385 1606 prium
411 1521 584 1605 quoddam
608 1521 671 1586 iter
696 1522 819 1605 exequi
847 1518 881 1586 et
903 1522 1023 1586 ceteris
1045 1521 1206 1606 apostolis
1233 1522 1480 1593 inconueniens.

276 1624 365 1689 unde
389 1635 423 1689 et
438 1624 514 1710 vhoc
537 1623 675 1706 placuit,
695 1633 732 1688 ut
752 1633 787 1700 et
808 1623 948 1696 illorum⁴
962 1645 1142 1690 consensus
1164 1625 1198 1689 in
1218 1624 1372 1714 hisquae
1391 1649 1411 1693 a
1427 1650 1481 1693 me

275 1728 402 1794 fiebant
416 1727 612 1794 haberetur.²
655 1727 778 1794 deinde
800 1729 964 1792 interiecit
982 1728 1016 1795 in
1035 1727 1108 1812 ipsa
1128 1727 1292 1794 sactorum
1307 1735 1482 1816 sequentia

274 1831 357 1896 illud
373 1831 464 1914 quod
480 1832 588 1896 maius
604 1840 676 1896 est:

339 1935 399 1999 sed
418 1955 472 1998 nec
496 1933 597 2009 Titus,
622 1933 682 2017 qui
701 1954 822 1998 mecum
841 1953 881 1996 ex
893 1933 1046 2016 gentibus
1064 1942 1143 2010 erat,
1161 1934 1328 2017 conpulsus
1349 1947 1397 2002 est
1419 1939 1481 2002 cir-

226 2063 260 2129 15
275 2036 415 2102 uremidi
437 2047 569 2119 propter
592 2035 848 2101 subintroductos
868 2045 976 2098 autem
995 2035 1108 2118 salros
1123 2036 1262 2119 fratres,
1286 2039 1347 2121 qui
1372 2040 1481 2104 subin-

278 2139 437 2204 troierant
457 2139 620 2222 arplorare
641 2137 819 2202 libertatem
838 2146 990 2212 azoaram,
1007 2157 1105 2219 quam
1127 2137 1280 2203 habemus
1298 2141 1334 2204 in
1354 2139 1482 2206 christo

276 2247 360 2322 Iesu,
378 2252 416 2306 ut
429 2263 487 2306 nos
502 2243 537 2307 in
551 2241 741 2306 seruitutem
758 2240 960 2324 redegeram,-
982 2240 1099 2324 quibus
1119 2262 1172 2305 nec
1188 2241 1237 2305 ad
1247 2241 1368 2308 horam
1390 2246 1481 2310 cessi-

278 2367 351 2412 mus
363 2344 557 2423 subiectrhui,
572 2355 611 2409 ut
624 2345 747 2408 ueritas
760 2343 925 2426 euangelii
929 2353 1123 2426 permaneat
1135 2343 1226 2426 apud
1236 2365 1300 2411 uos.
1446 2337 1447 2342 ’

343 2484 420 2528 nam
437 2472 600 2546 quantum
613 2472 664 2527 est
675 2461 720 2527 ad
731 2461 942 2543 sequentiam
955 2460 1092 2536 dictum,
1102 2459 1269 2543 superflue
1284 2463 1348 2528 hoc
1364 2466 1396 2529 in
1408 2464 1482 2530 loco

223 2591 265 2638 20
276 2576 385 2630 autem
406 2566 554 2650 positum
576 2585 649 2629 esse
671 2564 805 2627 uidetur
820 2561 947 2646 (multis
968 2564 1057 2628 enim
1078 2564 1112 2627 in
1134 2564 1215 2630 locis
1234 2568 1481 2632 coniunctiones

277 2691 298 2734 a
322 2671 423 2734 beato
448 2668 552 2734 Paulo
573 2687 640 2731 non
665 2687 741 2731 cum
761 2667 877 2731 debita
900 2669 1074 2750 sequentia
1097 2669 1224 2751 positas
1241 2691 1314 2735 esse
1334 2673 1482 2736 ostendi-

343 2819 503 2887 5suscipiC
574 2819 907 2881 7ullaml.obseruantiam
921 2817 956 2869 C*
970 2819 1003 2868 H
1066 2820 1297 2886 9existimarerbl
1363 2840 1388 2876 11
1409 2831 1434 2875 et
1444 2841 1482 2874 one

279 2908 302 2957 C
312 2907 385 2968 (corr)

312 3051 334 3085 r.
357 3035 467 3100 exposci]
486 3034 765 3099 Seep.14‚l.1o,note.
784 3034 852 3098 Exp.

278 3117 299 3166 is
310 3117 387 3166 found
398 3117 457 3166 here
468 3117 495 3165 in
511 3116 575 3166 Cod.
592 3117 669 3180 Aug.¹
687 3131 715 3165 as
731 3131 764 3164 an
780 3115 856 3164 inter·

276 3198 356 3249 linear
375 3199 507 3262 rendering
524 3197 554 3247 oi
572 3193 732 3261 α’νεβιιλθμην.
767 3197 853 3261 vulg„

278 3279 372 3329 romuli
379 3296 434 3328 cum
447 3280 505 3329 illis.

312 3378 335 3412 ι.
368 3362 413 3426 qui
430 3362 589 3423 uidebamur]
614 3363 791 3412 oldoroimes:
814 3370 856 3426 yet

279 3443 360 3494 below
371 3443 406 3508 (p.
421 3455 458 3504 17,
472 3442 489 3492 l.
504 3440 553 3506 23),
566 3443 635 3509 “qui
646 3439 789 3494 uidentur.'’

312 3546 336 3587 4.
370 3539 420 3572 non
439 3524 596 3574 dubitationis
612 3523 697 3585 causa]
730 3523 857 3588 Similarly

279 3605 357 3656 Thdt.
373 3603 401 3654 orl
416 3605 471 3668 τερθ
486 3602 571 3654 ἑαυτοῦ
587 3605 702 3662 τέθεικεν,
720 3601 787 3652 ἀλλὰ
803 3605 857 3666 περὶ

278 3685 326 3738 τῶν
335 3686 425 3736 mur·
442 3687 576 3744 τουτέστιν,
588 3687 626 3735 ἵνα
636 3685 746 3746 μάθωσιν
754 3685 858 3735 ἅπαντας

232 3800 236 3820 ,ι
279 3770 324 3830 τὴν
334 3765 378 3818 τοῦ
388 3771 538 3830 κηρύγματοι
549 3769 696 3830 συμφωνίαν.

311 3851 336 3899 8.
371 3847 496 3912 putatrire]
524 3849 566 3898 ‘as
585 3864 601 3898 a
623 3863 691 3898 mere
712 3847 811 3898 conceit
828 3862 858 3896 or

279 3929 352 3994 lancy
363 3928 393 3978 ol
400 3945 443 3994 my
454 3926 576 3993 own'(i).
639 3951 643 3956 ·

312 4024 336 4075 9.
376 4025 407 4060 ne
427 4007 757 4074 quando...inconmniens]
792 4008 856 4057 Lan-

279 4091 356 4147 iranc,
372 4090 467 4140 Roben
479 4089 508 4139 oi
517 4091 547 4139 B.

315 4191 353 4239 14.
385 4173 430 4239 qui
445 4185 537 4223 nucum
552 4189 582 4222 ex
594 4180 660 4238 gent.
676 4171 739 4233 erut]
759 4172 802 4222 An
819 4178 855 4222 at-

279 4262 359 4320 ternpt
374 4263 401 4304 to
417 4254 553 4319 reproduce
571 4254 613 4304 the
630 4255 703 4304 order
713 4254 742 4304 os
751 4253 793 4304 the
805 4255 856 4304 Gk.

280 4334 565 4402 (ὅσθνθμυθέλληνιῖν).

316 4420 352 4468 ι8.
385 4417 536 4479 subr'ectrimi]
565 4419 601 4468 So
618 4417 660 4468 the
678 4417 710 4468 O.
726 4419 755 4467 L.
784 4417 856 4468 With

281 4489 368 4565 ehryi.
382 4499 432 4549 and
447 4499 534 4560 Thur..
550 4499 601 4548 and
619 4499 679 4549 with
694 4499 728 4549 all
745 4499 787 4550 the
803 4499 855 4549 Glr.

477 2915 505 2966 17
522 2901 630 2952 redirent
644 2901 680 2950 C’
749 2915 778 2965 ¹9
795 2900 924 2966 sequentia
936 2901 995 2950 dicti
1009 2901 1115 2965 Cirorr)
1186 2917 1218 2953 το
1237 2912 1264 2953 ut
1278 2904 1343 2955 CH
1353 2906 1483 2972 [autemg]

905 3032 987 3082 uncial
999 3033 1086 3092 MSS.¹
1100 3033 1147 3082 Th.
1159 3035 1232 3085 reads
1243 3037 1303 3088 οὐδέ.

939 3129 976 3166 σα
1013 3118 1109 3177 autent]
1134 3117 1169 3167 Ut
1178 3118 1204 3166 in
1216 3118 1259 3168 the
1269 3119 1347 3170 MSS.
1361 3121 1381 3171 is
1393 3121 1485 3187 clearly

905 3204 1013 3262 corrupt.
1054 3197 1110 3247 The
1131 3206 1186 3248 true
1198 3201 1311 3264 'reading
1330 3201 1351 3251 is
1373 3211 1483 3268 suggest-

905 3281 937 3329 ed
970 3280 1004 3344 by
1031 3279 1074 3330 the
1105 3279 1156 3330 Gk.
1185 3283 1401 3332 catenae-Coisl.
1436 3298 1484 3343 ²04

905 3359 1014 3424 [i.13b.
1045 3360 1149 3410 Cramer
1165 3359 1198 3410 vi,
1214 3375 1253 3425 29,
1271 3361 1313 3410 Fr.
1333 3363 1400 3425 1²4]:
1421 3365 1485 3413 τινὲς

904 3438 947 3490 τὸν
958 3441 988 3490 di
998 3442 1130 3500 σύνδεσμον
1147 3441 1263 3504 περισσόν
1278 3431 1375 3504 ἔφασαν
1392 3445 1481 3494 εἶναι...

905 3523 990 3586 ἡγὰρ
1012 3521 1141 3572 ἀκολουθία
1160 3525 1228 3572 ἐστὶν
1249 3522 1286 3573 ὅτι
1308 3520 1374 3576 οὐδὲ
1401 3527 1485 3576 Τίτος

899 3602 1009 3663 Ἕλλην
1026 3601 1061 3651 ὧν
1077 3602 1252 3666 ἠναγκάσθη
1270 3607 1485 3669 περιτμηθῆναι

906 3688 952 3737 διὰ
962 3688 1027 3737 τούκ
1038 3683 1252 3747 ταρεισθκτουτ
1264 3687 1486 3752 ψευδαδέλφους

906 3783 953 3818 —a
970 3767 1068 3818 remark
1084 3767 1220 3818 attributed
1238 3769 1265 3819 in
1282 3771 1324 3820 the
1343 3774 1440 3838 margin
1457 3782 1485 3823 to

906 3847 1038 3898 Theodore
1065 3847 1117 3896 and
1145 3847 1307 3908 Severianum
1339 3850 1418 3902 Coisl.
1442 3851 1482 3914 26,

868 3941 871 3946 ’
905 3929 935 3976 τθ
951 3917 1004 3989 iiic
1025 3925 1108 3978 οὕτως·
1130 3926 1256 3980 mxuma
1273 3931 1350 3990 Τίτος,
1367 3936 1451 3994 mh,
1472 3932 1486 3983 θ

906 4013 956 4073 γὰρ
966 4012 992 4061 δὲ
1007 4011 1124 4075 περιττός.
1152 4011 1228 4063 Thdt
1243 4013 1334 4080 adopts
1346 4015 1394 4065 this
1405 4015 1485 4076 vienn

905 4093 957 4143 and
968 4093 988 4143 it
998 4093 1050 4142 had
1060 4093 1125 4143 been
1137 4093 1289 4159 anticipated
1301 4096 1334 4160 by
1347 4097 1485 4160 S.Jerome,

907 4176 965 4226 who
976 4177 1072 4226 writes:
1087 4177 1238 4228 “sciendum
1249 4195 1309 4230 uero
1320 4180 1387 4244 quod
1405 4187 1484 4230 aarum

907 4256 1219 4322 coniunctio...superllua
1235 4258 1275 4319 sit,
1297 4267 1321 4309 et
1340 4260 1360 4309 si
1379 4259 1482 4326 legatur,

907 4350 959 4384 non
977 4335 1068 4386 habeat
1090 4336 1159 4401 quod
1178 4337 1202 4386 ei
1224 4337 1396 4402 respondeat'’
1437 4339 1485 4390 See

908 4417 1091 4480 Rosenmiiller,
1104 4419 1162 4470 hur.
1174 4419 1279 4485 a'merpr.
1292 4420 1325 4471 iv.
1338 4435 1362 4486 p.
1379 4435 1434 4483 rr4‚
1446 4437 1483 4486 sq.
