3340 5232
299 416 364 481 216
632 421 859 477 THEODORUS
883 421 1176 478 MOPSUESTENUS
1404 413 1464 498 [II.
1480 427 1513 495 7.

301 597 392 662 illam
415 596 608 681 rapiendam
632 616 704 660 esse
726 594 950 672 existimauit‚’
965 593 1029 658 hoc
1044 605 1103 670 est,
1121 600 1214 660 ‘cum
1237 596 1406 662 celeritate
1426 596 1510 662 illud

301 700 453 782 suscepit,
478 698 572 782 quasi
596 699 674 781 quia
694 717 853 780 magnum
881 697 928 760 illi
952 695 1079 761 lucrum
1101 699 1207 780 possit
1233 699 1400 764 conferre!
1443 698 1511 763 hoc

301 826 380 889 ergo
400 805 482 868 dicit
499 805 542 867 de
563 804 704 880 Christ0,
720 801 872 884 quoniam
893 822 956 864 non
974 801 1127 884 rapinam
1147 802 1330 866 arbitratus
1343 812 1398 878 est,
1413 813 1451 866 ut
1462 803 1512 866 sit

300 908 444 991 aequalis
468 907 559 981 Πρω·
592 906 656 970 hoc
680 915 742 982 est,
768 910 853 967 ‘non
880 925 1038 987 magnam
1059 908 1227 988 reputauit
1249 907 1341 970 illam
1362 928 1448 991 quae
1463 909 1509 972 ad

270 1010 413 1104 5Deum
436 1018 487 1072 est
509 1009 755 1091 aequalitatem,
783 1015 817 1070 et
841 1005 947 1070 elatus
974 1009 1008 1070 in
1032 1027 1092 1070 sua
1118 1011 1300 1090 permansit
1323 1011 1510 1092 dignitate3

301 1111 360 1174 sed
385 1111 491 1194 magis
515 1130 576 1193 pro
600 1109 738 1174 aliorum
764 1108 908 1172 utilitate
934 1109 1117 1192 praeelegit
1139 1110 1317 1175 humiliora
1346 1114 1508 1177 sustinere

301 1213 436 1296 negotia
457 1233 558 1297 quam
582 1213 764 1276 secundum
788 1232 824 1274 se
842 1221 943 1288 erant,
959 1221 993 1276 et
1014 1213 1150 1296 quidem
1172 1233 1249 1277 cum
1268 1215 1301 1276 in
1319 1214 1426 1278 forma
1442 1215 1509 1279 Dei

208 1363 211 1370 ,
300 1325 433 1381 extaret
443 1317 532 1379 ’—ut
551 1315 661 1378 dicat:
684 1314 767 1377 ‘Dei
786 1314 936 1377 existens
946 1314 965 1393 ;’
984 1314 1048 1378 hoc
1071 1326 1129 1393 est,
1148 1317 1321 1379 ‘dominus
1344 1325 1379 1380 et
1400 1316 1509 1379 domi-

301 1433 397 1487 nator
413 1431 446 1486 et
462 1420 687 1484 uniuersitatis
701 1415 834 1481 auctor!
878 1416 962 1480 haee
979 1418 1068 1480 enim
1084 1419 1197 1482 omnia
1220 1439 1306 1500 quae
1324 1419 1414 1482 dicta
1430 1427 1510 1482 sunt

251 1525 581 1607 10nuncupationem
607 1522 674 1599 Dei
701 1519 857 1601 subsequi
888 1519 1042 1584 uidentur
1071 1520 1240 1586 ueraciter.
1283 1521 1364 1604 quid
1394 1531 1508 1586 autem

302 1630 379 1695 lecit
391 1630 403 1694 i

364 1780 423 1845 sed
433 1801 465 1844 se
479 1780 584 1864 ipsam
598 1776 783 1842 exinaniuit
787 1773 941 1858 sormam
955 1775 1045 1840 serui
1057 1777 1218 1860 accipiens.

337 1969 341 1977 .
365 1903 633 1989 †‘exinanitum'
656 1905 770 1969 diuina
795 1904 957 1986 scriptura
982 1924 1043 1986 pro
1065 1902 1169 1967 nihilo
1191 1911 1297 1979 uocat,
1321 1903 1407 1967 sicut
1428 1901 1510 1966 alibi

299 2015 459 2096 scriptum
475 2021 540 2075 est:
562 2019 716 2074 euacuata
731 2018 778 2073 est
786 2007 881 2090 fidas,
905 2007 969 2070 hoc
984 2017 1042 2084 est,
1060 2007 1169 2072 ‘nulla
1187 2029 1259 2072 esse
1275 2017 1409 2071 ostensa
1424 2017 1475 2071 est
1488 2005 1511 2083 ;'

251 2203 261 2248 1
270 2199 285 2266 ς
366 2181 525 2241 κένωσιν
550 2175 570 2256 ἡ
594 2175 666 2241 θεία
690 2170 804 2262 γραφή
826 2179 929 2258 φησιν
950 2172 988 2239 τὸ
1014 2172 1123 2258 μηδέν,
1154 2170 1197 2242 ait
1226 2171 1264 2239 τὸ
1291 2175 1459 2237 κεκένωται
1489 2172 1510 2234 ri

301 2277 403 2355 πίστις,
418 2275 493 2343 ἀντὶ
513 2280 571 2342 τοῦ
596 2273 706 2342 ὀὐδὲν
732 2273 990 2362 ἀποπέφανται·’
1027 2275 1082 2341 καὶ
1105 2277 1199 2341 κενόν
1224 2274 1280 2362 ἄρα
1310 2278 1347 2339 rd
1374 2277 1511 2360 κάρηνα

351 2431 514 2497 vapulari
612 2400 886 2480 salutamen
970 2445 998 2494 13
1016 2425 1517 2494 muumcnlautuatsorunnrr

304 2524 331 2574 15
344 2529 380 2579 sq.
396 2512 475 2563 Coisl.
489 2528 545 2576 204,
558 2512 575 2562 f.
591 2528 637 2571 124
648 2511 702 2572 a,b
718 2511 772 2572 [Cr.
785 2510 818 2558 vi.
833 2525 887 2576 259,
903 2510 943 2560 Fr.
962 2511 1067 2576 138—9]
1100 2513 1222 2575 Oetdapos.
1254 2513 1293 2560 καὶ
1305 2509 1511 2570 έλλαςδέφησν·

301 2595 406 2653 κένωσιν,
420 2595 493 2642 κ.τ.λ.
618 2589 647 2641 16
665 2591 804 2652 ἀπέφανται
814 2589 880 2650 cod,
895 2589 947 2640 Cn:
964 2592 1089 2652 πέφανται
1101 2591 1143 2640 Fr.

303 2729 493 2808 mnam<
500 2723 878 2837 ωῴηκδῃῃ,
930 2739 995 2780 most
1012 2731 1087 2797 lively
1098 2747 1169 2782 sense
1185 2731 1215 2781 ol
1228 2732 1271 2782 the
1288 2733 1467 2798 requirements
1484 2733 1516 2784 os

930 2812 972 2862 the
984 2813 1131 2877 languuge.''
1155 2813 1242 2877 Chrys
1253 2815 1274 2862 'ua
1285 2814 1328 2864 the
1336 2814 1458 2879 principal
1468 2830 1510 2863 ex·

303 2899 408 3066 Ὕρ(
447 2871 559 2960 ,ΔΚ
600 2913 615 2957 ,·
630 2896 732 2958 κω
777 2894 879 2975 κᾳω
929 2895 1037 2958 ception,
1053 2894 1290 2945 lollowedasusual
1303 2896 1337 2960 by
1347 2895 1449 2960 Thpht:
1458 2895 1510 2945 and

931 2977 1005 3038 Oea;
1023 2976 1063 3027 his
1079 2979 1267 3042 interpretation
1285 2979 1306 3028 is
1326 2979 1382 3028 thus
1402 2993 1511 3028 sumim-

418 3021 568 3110 :munh
597 3047 735 3110 dte-M
764 3059 880 3126 ΡΜ
931 3058 997 3108 riaed
1014 3059 1048 3123 by
1061 3060 1238 3119 Gestiunt
1254 3061 1303 3121 γὰρ
1318 3063 1353 3122 μὴ
1370 3060 1445 3108 κατὰ
1461 3059 1510 3120 έρ-

930 3143 1029 3203 σαγὴν
1048 3141 1100 3204 ᾔδει
1119 3143 1182 3203 έχων
1203 3143 1232 3190 τὸ
1252 3143 1311 3190 εἶναι
1330 3143 1372 3191 [aa
1389 3141 1436 3204 θεῷ
1455 3139 1515 3191 ἀλλ’

932 3222 981 3273 dat
1003 3226 1097 3286 diasat
1113 3226 1153 3272 tal
1173 3225 1293 3273 συναΰὶαν
1310 3221 1450 3284 ἀξιώματος,
1471 3225 1512 3274 tat

931 3305 1002 3353 sotira
1015 3305 1106 3366 θέρρων
1117 3305 1233 3354 ἐκένωσεν
1245 3301 1339 3354 taurin.

965 3389 987 3436 8.
1027 3387 1077 3434 Dei
1097 3386 1210 3447 ext'stms]
1250 3385 1355 3450 Jaoobi:
1382 3383 1512 3435 “fortasse

303 3459 373 3508 word
391 3425 590 3539 ωῴ,
609 3456 654 3506 the
669 3472 740 3507 sense
756 3456 882 3519 evidently
931 3482 1021 3532 ἕηκε,
1037 3466 1134 3516 fuerunt
1151 3468 1205 3516 θεοῦ
1222 3465 1261 3516 ὧν,
1295 3467 1420 3532 Equidem
1431 3467 1512 3516 (gredi.

302 3551 340 3601 is:
363 3548 497 3598 “likeness
514 3555 540 3596 to
562 3547 620 3597 God
640 3546 735 3596 wasia
756 3546 818 3594 Him
838 3553 883 3594 not
932 3549 1010 3598 derim
1023 3557 1106 3599 tamen
1117 3565 1170 3599 esse
1182 3548 1315 3612 legendum
1326 3547 1421 3599 Deus.'’
1454 3549 1512 3599 The

302 3645 401 3711 engerly
409 3643 501 3709 sought
511 3643 582 3701 alter,
589 3643 635 3692 but
642 3639 766 3691 natural.”
789 3640 880 3704 Comp.
933 3633 1011 3684 MSS.
1023 3648 1096 3696 agree
1108 3631 1169 3680 with
1185 3631 1304 3680 Rabanus
1320 3631 1346 3680 in
1362 3631 1512 3696 supporting

303 3727 395 3776 Thdt:
419 3727 471 3775 θεὸς
489 3725 538 3788 γὰρ
561 3723 592 3772 dv
611 3724 650 3772 rol
674 3723 745 3783 φύσει
768 3721 820 3770 θεὸς
842 3721 882 3769 καὶ
933 3711 1511 3776 Dei,·cs.insta‚p.217,1.u‚··diutnaena-

302 3813 347 3870 τὴν
359 3809 417 3870 πρὸς
428 3809 469 3856 τὸν
481 3807 575 3867 πατέρα
585 3805 689 3863 ἰσότητα
697 3805 771 3864 ἔχων,
780 3803 807 3850 οὐ
817 3803 882 3864 μέγα
933 3805 1002 3846 turae
1012 3793 1147 3854 existens,”
1158 3793 1241 3844 where
1254 3809 1296 3843 see
1311 3799 1371 3843 note
1387 3808 1421 3842 on
1438 3792 1513 3843 Th.'s

303 3893 374 3940 mirra
386 3889 613 3950 ὑπέλαβεν-ταῦτα
623 3888 672 3947 ’γὰρ
690 3887 748 3934 [διον
763 3885 812 3933 τῶν
828 3881 882 3946 παρ’
933 3876 1119 3942 interpretation
1131 3875 1161 3925 ot'
1167 3877 1193 3925 έν
1203 3873 1286 3937 μορφῇ
1297 3873 1358 3924 θεοῦ.

304 3973 372 4031 ἀξίαν
387 3971 457 4030 τιμῆς
473 3970 537 4017 τινὸς
553 3965 823 4027 τετυχηκότων-ἀλλὰ
838 3966 885 4022 τὴν
965 3959 1079 4007 daminus
1102 3965 1125 4006 et
1149 3955 1301 4016 dominator]
1334 3955 1374 4004 Cl.
1398 3953 1424 4005 S.
1444 3953 1513 4018 Jude

303 4051 373 4111 ἀξίαν
385 4051 540 4112 κατακρύψας
551 4049 596 4107 τὴν
609 4047 683 4108 ἄκραν
694 4046 882 4107 ταπειναφρασύ-
935 4061 957 4102 4,
973 4041 1056 4105 Vulg„
1074 4039 1283 4090 “dominatorem
1295 4037 1341 4099 [et]
1358 4036 1489 4087 dominum
1497 4036 1513 4058 '¹

304 4153 345 4195 νην
362 4135 448 4184 είλετο.
490 4133 540 4182 For
556 4147 572 4180 a
587 4137 675 4180 catena
692 4145 726 4178 on
742 4128 785 4177 the
802 4127 884 4176 words
935 4123 1066 4185 (δεσπότην
1077 4124 1117 4170 καὶ
1129 4123 1227 4185 κύριον).

304 4219 350 4277 οὐχ
367 4214 424 4278 ἀρα.
441 4214 483 4275 ἠγ.
498 4229 539 4262 see
552 4213 590 4260 Dr
608 4211 736 4274 Lightloot
749 4208 824 4273 (Phil.
838 4223 880 4272 pp.
970 4222 1007 4270 13.
1029 4205 1198 4266 exinanitum]
1232 4201 1384 4266 Probablya
1398 4201 1515 4251 substan-

307 4294 441 4363 133‚134)‚
462 4296 519 4345 who
536 4292 648 4344 remarks
664 4293 719 4343 that
739 4291 814 4340 “this
831 4291 884 4353 [the
936 4287 1211 4338 tive=exinnnitionem
1235 4285 1362 4345 (κένωσιν),
1385 4282 1435 4332 and
1454 4299 1514 4348 pos-

303 4379 367 4428 view
386 4377 445 4427 held
463 4377 498 4440 by'
515 4375 576 4437 Th]
594 4375 615 4425 is
635 4375 677 4425 the
697 4387 814 4423 common
831 4371 881 4420 and
934 4371 999 4434 sibly
1010 4379 1096 4419 neuter
1101 4386 1109 4429 ς
1127 4367 1412 4432 attactum,p.170‚l.
1430 4381 1451 4414 ι.

304 4463 394 4514 indeed
406 4462 495 4512 almost
512 4458 634 4508 universal
652 4455 839 4519 interpretation
856 4452 886 4504 ol'
969 4465 1003 4514 14„
1033 4447 1401 4512 ‘euacualaestfides'...‘euac.
1414 4452 1516 4509 asterga

304 4547 347 4596 the
364 4543 447 4594 Greek
465 4541 563 4599 fathers,
584 4540 641 4588 who
659 4539 740 4589 would
758 4539 821 4588 have
839 4538 881 4588 the
927 4534 1013 4598 praed.
1024 4533 1071 4594 n.']
1091 4529 1415 4591 Rom.iv.14(rtrluara‹);
1432 4527 1515 4577 tCor.

302 3187 386 3238 where
412 3187 455 3237 the
482 3185 587 3249 original
614 3184 740 3250 probably
760 3183 811 3232 had
839 3181 879 3244 ἀρ-

303 3266 409 3330 rapuit,
432 3268 482 3318 and
505 3267 601 3334 though
623 3267 665 3316 the
684 3266 818 3316 translator
837 3266 882 3314 has

303 3352 412 3417 adopted
424 3350 488 3400 from
499 3350 542 3399 the
556 3349 657 3398 Peshito
675 3348 717 3422 the
735 3347 882 3412 ambiguous
