3332 5210
623 407 850 460 rnaooonus
875 408 1166 462 mopsuestenus
1293 396 1498 482 [IV.11‚12.

867 643 918 718 ll.

356 805 600 891 Frequentibus
617 809 715 874 ualde
731 807 984 892 probationibus
1005 815 1039 872 et
1055 828 1141 890 quae
1157 827 1291 871 omnem
1312 807 1497 871 excludunt

289 913 549 975 controuersiam
586 912 760 976 omnifarie
795 911 967 992 apostolus
1003 909 1135 987 abusus,
1166 930 1261 974 suam
1290 911 1494 993 prosecutio·

290 1037 368 1079 nem
393 1036 507 1080 ueram
530 1037 603 1081 esse
625 1016 825 1080 sufficienter
847 1014 1099 1098 comprobauit;
1131 1035 1175 1077 ex
1200 1035 1307 1077 rerum
1335 1014 1497 1097 qualitate

289 1121 471 1187 ostendens
492 1140 607 1184 eorum
634 1119 865 1198 differentiam,
888 1128 922 1183 et
948 1117 1039 1201 quod
1063 1118 1169 1181 multo
1193 1116 1329 1180 meliora
1351 1119 1418 1192 sint
1438 1117 1496 1180 illa

260 1247 376 1310 5quae
402 1226 585 1289 secundum
613 1223 782 1290 Christum
806 1233 884 1288 sunt
911 1223 955 1286 ab
978 1223 1043 1286 illis
1065 1243 1155 1304 quae
1175 1231 1269 1287 erant
1293 1223 1325 1285 in
1350 1221 1431 1304 lege,
1456 1242 1496 1285 eo

290 1328 380 1412 quod
403 1329 457 1392 hic
479 1328 616 1410 quidem
640 1327 736 1392 facile
759 1336 810 1392 est
826 1326 1003 1404 iustificari,
1021 1326 1087 1389 illic
1110 1346 1188 1389 uero
1205 1326 1323 1388 durum
1343 1326 1441 1390 ualde
1456 1335 1497 1390 ¹et

289 1431 533 1513 propemodum
557 1430 758 1512 inpossibile.
803 1429 904 1492 fidem
929 1449 1009 1492 uero
1035 1428 1171 1490 firmans
1198 1426 1335 1503 ratione,
1364 1435 1398 1491 et
1424 1427 1496 1510 dig-

290 1535 430 1597 nitatem
458 1533 527 1597 eius
555 1554 614 1616 per
635 1534 748 1597 omnia
771 1533 959 1603 ostendens,
980 1541 1049 1595 tam
1074 1531 1117 1593 de
1139 1531 1264 1594 tributo
1286 1531 1496 1594 credentibus

291 1633 427 1717 Spiritu,
446 1632 561 1717 [quam
584 1633 648 1718 de]
665 1635 729 1698 illis
749 1655 835 1716 quae
857 1633 1040 1706 secundum
1057 1631 1230 1696 Abraham
1247 1633 1334 1696 sacta
1357 1633 1494 1710 fuerant,

237 1755 277 1804 to
290 1744 323 1801 et
345 1736 595 1819 scripturalibus
619 1738 828 1813 testimoniis,
848 1736 969 1818 quibus
985 1736 1095 1801 locum
1112 1757 1178 1800 non
1195 1758 1292 1820 posse
1308 1737 1430 1802 habere
1450 1736 1495 1801 le-

287 1856 379 1919 gem,
387 1839 458 1901 istis
468 1838 667 1914 tenentibus,
679 1839 915 1921 pronuntiauit.
932 1839 990 1903 sed
1001 1860 1046 1902 ex
1056 1839 1304 1922 comparatione
1316 1841 1494 1904 utilitatem

288 1940 402 2005 dicens
417 1940 510 2026 legis
525 1943 742 2006 eminentiam
762 1939 1001 2025 illorum'quae
1021 1944 1203 2007 secundum
1227 1943 1396 2009 Christum
1417 1952 1495 2008 sunt

289 2044 479 2110 insinuauit.
524 2045 607 2110 haec
626 2045 761 2127 quidem
782 2046 936 2109 uniuersa
959 2046 1132 2110 euidenter
1152 2068 1350 2130 cognoscere
1374 2046 1496 2129 poterit

288 2149 362 2230 quis
389 2169 434 2211 ex
461 2147 525 2212 illis
550 2169 636 2230 quae
663 2149 696 2211 in
716 2149 934 2212 anterioribus
956 2149 1125 2227 diximus;
1152 2148 1185 2212 in
1213 2151 1333 2232 quibus
1358 2160 1392 2214 et
1419 2170 1494 2216 cum

237 2273 271 2338 15
288 2253 492 2333 competenti
517 2251 772 2334 scrupulositate
802 2272 862 2335 per
887 2252 1008 2328 omnia,
1034 2261 1071 2316 ut
1098 2261 1217 2334 potens
1249 2261 1326 2326 erat,
1355 2255 1494 2318 dicebat.

288 2353 478 2416 ueneranda
504 2353 608 2417 uerba
638 2353 781 2436 apostoli
805 2361 883 2417 sunt
910 2353 1097 2416 intellectus
1121 2352 1279 2418 facientis.
1336 2355 1494 2437 interpre-

289 2457 408 2520 tationi
447 2466 560 2521 autem
595 2459 753 2541 quoniam
785 2458 817 2520 in
852 2456 1087 2538 praeeuntibus
1116 2456 1368 2538 probationibus
1404 2478 1496 2521 com·

287 2565 460 2641 petentem
489 2561 557 2623 suis
587 2560 797 2623 sermonibus
826 2558 1017 2623 adhibuisse
1047 2558 1138 2621 uisus
1168 2567 1218 2622 est
1244 2559 1421 2635 uirtutem;
1460 2559 1501 2620 in.

288 2659 400 2724 medio
424 2681 503 2726 uero
524 2663 626 2727 etiam
648 2663 738 2726 duris
763 2683 842 2726 usus
864 2660 1083 2739 sermonibus,
1104 2681 1161 2724 eos
1183 2660 1288 2724 luerat
1308 2661 1493 2744 adgressus,

232 2773 276 2821 20
288 2779 396 2842 neque
412 2763 533 2828 stultos
556 2785 614 2828 eos
637 2784 756 2828 uocare
779 2764 944 2840 dubitans,
961 2762 1018 2826 ubi
1041 2783 1093 2826 res
1116 2764 1190 2846 ipsa
1211 2761 1324 2826 locum
1347 2762 1376 2826 ei
1400 2781 1496 2847 prae·

286 2867 389 2932 bebat
404 2867 639 2952 increpationis
656 2869 876 2932 necessarium
890 2887 897 2945 ;
921 2867 991 2930 iure
1005 2887 1086 2950 ergo
1101 2868 1166 2932 ait:

353 3003 449 3068 timeo
464 3025 529 3080 uos,
545 3026 583 3069 ne
588 3004 682 3088 forte
695 3005 766 3069 sine
777 3026 876 3069 causa
892 3003 1110 3072 laborarrerim
1127 3005 1162 3068 in
1177 3003 1277 3069 uobis.

352 3135 476 3217 quarel
522 3136 531 3168 ‘
544 3134 702 3215 quoniam
725 3132 821 3197 aliter
845 3132 994 3196 uenerari
1021 3133 1226 3207 adceleratis,
1249 3133 1368 3217 quibus
1396 3141 1495 3197 antea

286 3233 500 3299 seruiebatis’

232 3357 271 3423 25
353 3348 387 3402 et
413 3347 490 3421 post
516 3337 776 3419 increpationem
805 3339 847 3401 ad
877 3337 1109 3401 uerecundiam
1130 3357 1186 3400 eos
1212 3338 1356 3400 inuitans
1383 3337 1493 3409 adicit,

287 3441 426 3524 inpensa
451 3439 675 3505 sollicitudine
698 3461 816 3505 curans
836 3459 954 3504 sanare
976 3459 1042 3513 eos,
1070 3439 1177 3502 sciens
1204 3441 1362 3521 quoniam
1383 3439 1495 3522 grauis

286 3553 338 3609 est
353 3544 534 3628 increpatio
549 3544 686 3621 homini,
702 3544 833 3608 etiamsi
850 3552 884 3606 et
899 3544 985 3606 iuste
1000 3542 1029 3604 ei
1047 3540 1156 3604 inferri
1172 3541 1344 3605 uideatur:

344 3680 486 3764 fratres,
502 3680 623 3744 obsecro
638 3701 703 3756 uos,
720 3678 809 3743 nihil
819 3699 870 3742 me
883 3675 1043 3741 nomistis.

351 3798 514 3863 satisfacit
530 3799 595 3863 illis
611 3819 671 3881 pro
692 3798 839 3882 pondere
863 3795 1039 3860 uerborum
1059 3793 1343 3878 grauissimorum.
1389 3796 1493 3860 ‘nihil

334 3960 351 4011 6
367 3959 500 4011 iustificare
519 3959 554 4011 C*
571 3962 605 4011 H
732 3973 745 4024 7
763 3959 813 4010 fide
829 3957 877 4024 Hl
891 3958 1012 4008 rationem
1031 3955 1068 4007 C*
1085 3957 1119 4006 H
1244 3958 1260 4007 8
1276 3958 1396 4008 tributum
1415 3959 1451 4009 C*
1469 3960 1502 4009 H

285 4061 302 4111 9
319 4045 441 4111 Spiritum
455 4044 520 4094 CH
528 4043 532 4109 l
546 4043 597 4092 illic
612 4042 634 4091 C
643 4043 677 4091 H
791 4056 820 4091 ιτ
837 4037 1018 4091 imminentiam
1032 4038 1068 4118 Cf
1080 4039 1115 4088 H
1225 4037 1254 4088 16
1270 4039 1389 4091 facientes
1403 4041 1465 4090 CH
1476 4039 1480 4105 Ι

285 4126 515 4192 interpretationem
530 4125 594 4175 CH
716 4138 745 4189 ¹9
761 4123 829 4173 duris
840 4123 915 4172 etiam
926 4121 959 4170 H
1060 4136 1088 4171 αι
1108 4121 1291 4186 increpationes
1301 4123 1495 4174 necessariorum

288 4208 323 4259 ί*
337 4209 371 4258 H
464 4205 495 4256 τό
513 4205 608 4256 curauit
622 4204 661 4256 C*
675 4207 705 4256 H

318 4363 343 4406 4.
377 4341 555 4392 mdhm...at
573 4341 635 4403 illis]
665 4340 775 4402 Rbnsch,
788 4337 863 4396 Itala,
917 4339 968 4388 and
984 4337 1014 4388 cs.
1034 4338 1063 4387 de
1077 4337 1180 4403 aliquid,
1195 4354 1219 4403 p
1238 4340 1275 4396 18,
1293 4338 1311 4387 l.
1331 4349 1358 4402 17
1378 4336 1427 4402 (vv.
1447 4337 1491 4402 lh).

286 4439 331 4488 pp.
349 4436 405 4485 452,
427 4435 483 4486 453.
952 4420 989 4471 16.
1024 4421 1232 4486 damnationi]
1262 4423 1299 4472 Or
1310 4422 1383 4472 read:
1402 4423 1448 4485 [ad
1457 4424 1495 4482 (or

319 4506 344 4555 8.
376 4505 405 4554 de
426 4503 670 4568 tributo...Spiritu]
700 4505 748 4554 See
765 4520 803 4553 vv.
824 4503 861 4564 ll,
918 4505 966 4566 inl]
979 4505 1208 4569 interpretationem.

1640 3920 1647 4222 l
