3332 5210
269 367 329 432 106
601 379 829 433 anuooonus
853 379 1146 433 mopsuestenus
1334 363 1404 448 [VI.
1425 377 1472 432 ro.

264 548 446 614 butionem.
491 550 619 633 optime
643 561 756 616 autem
779 551 917 617 adiecit:
948 571 1011 615 non
1026 549 1181 633 fatigati,
1209 549 1289 632 quia
1308 549 1473 612 sufficiens

265 661 317 716 est
343 652 387 717 ad
408 654 643 718 uerecundiam
662 655 825 731 inuitare;
849 676 889 720 eo
909 656 1000 738 quod
1021 656 1260 718 inconueniens
1284 663 1335 719 est
1355 656 1473 718 nonin

265 763 441 836 praesente
467 748 629 818 sustinere
658 743 793 820 seminis
824 756 972 821 laborem
1001 756 1178 840 (siquidem
1205 767 1339 823 etcum
1366 759 1474 823 multo

265 854 380 917 labore
398 855 500 920 etiam
523 876 666 921 messem
682 857 837 941 colligere
857 859 1109 943 compellimur),
1126 881 1186 942 pro
1202 860 1379 926 uirtutibus
1394 882 1475 926 uero

186 959 195 1044 ἰ
234 962 249 1029 5
267 956 355 1020 nolle
371 957 521 1024 laborare
536 981 677 1043 quarum
693 962 867 1026 retributio
883 961 1011 1026 nullum
1028 962 1160 1025 uidetur
1174 961 1298 1027 habere
1313 962 1471 1026 laborem.

266 1062 300 1123 in
323 1063 436 1145 requie
458 1064 547 1126 enim
566 1065 737 1128 constituti
762 1067 947 1130 mercedem
970 1086 1083 1130 earum
1103 1067 1308 1150 recipiemus.
1348 1068 1471 1133 deinde

267 1167 361 1247 quasi
382 1165 449 1228 iam
472 1166 515 1229 de
536 1167 695 1231 confessis
710 1167 808 1230 bonis
824 1169 948 1232 adicit:

331 1298 440 1381 itaque
462 1298 542 1362 dum
570 1309 692 1383 tempus
720 1301 882 1382 hebemus,
908 1313 1075 1384 operemur
1094 1303 1183 1387 qnod
1208 1303 1325 1368 bonum
1354 1313 1402 1368 est
1428 1303 1479 1367 ad

266 1420 381 1478 omnes,
398 1403 541 1466 maxime
553 1403 601 1466 ad
611 1402 796 1466 domesticos
801 1404 895 1488 fidei.

215 1546 254 1594 10
333 1521 383 1582 ‘in
406 1521 471 1585 hoc
492 1522 625 1586 saeculo
648 1523 808 1607 operandi
831 1533 964 1607 tempus
987 1532 1046 1588 est.
1080 1543 1147 1587 non
1168 1523 1474 1607 praetermittamus

266 1626 368 1707 illud;
393 1628 621 1692 laborantibus
637 1628 725 1690 enim
742 1627 879 1692 indubia
895 1636 945 1692 est
961 1628 1152 1691 mercedum
1169 1625 1358 1691 retributio!
1387 1626 1474 1690 bene

266 1736 380 1792 autem
403 1730 509 1795 dixit:
542 1739 706 1811 operemur
725 1731 813 1812 quod
822 1730 943 1794 bonum
962 1741 1032 1806 est,·
1056 1732 1089 1794 in
1112 1730 1356 1794 communionis
1377 1728 1474 1792 intel·

265 1833 353 1896 lectu
379 1833 411 1897 id
438 1833 550 1917 posuit
576 1835 648 1897 siue
672 1854 786 1897 eorum
810 1835 868 1916 qui
893 1833 1013 1897 docere
1036 1833 1171 1912 debent,
1187 1833 1257 1897 siue
1278 1853 1392 1897 eorum
1416 1832 1473 1916 qui

266 1957 351 2019 opus
374 1935 500 2000 habent
522 1935 671 2014 discere;
696 1937 785 2019 quod
809 1944 843 1999 et
866 1936 910 1999 ad
935 1935 1071 2019 plenum
1095 1935 1138 1999 de
1159 1935 1250 2000 omni
1270 1945 1347 1998 actu
1370 1935 1475 1999 uirtu-

215 2064 249 2129 15
267 2047 336 2102 turn
355 2039 532 2121 significari
548 2046 670 2122 potest.
715 2038 880 2119 optimum
898 2040 986 2102 enim
1002 2058 1102 2101 omne
1121 2046 1172 2101 est
1187 2036 1278 2120 quod
1295 2037 1474 2101 uirtutibus

267 2152 318 2205 est
334 2142 542 2225 praeditum;
559 2141 650 2224 quod
666 2148 700 2204 et
716 2162 796 2222 erga
817 2161 935 2204 omnes
950 2141 1052 2205 debet
1067 2161 1148 2216 esse,
1165 2162 1205 2204 eo
1221 2139 1311 2224 quod
1328 2147 1362 2203 et
1378 2139 1474 2203 nobis

266 2245 431 2326 optimum
449 2265 521 2308 esse
537 2246 675 2309 uidetur.
721 2265 799 2308 nam
816 2247 906 2328 quod
924 2245 1020 2324 dixit,
1035 2245 1084 2308 od
1093 2245 1276 2308 domesticos
1291 2244 1378 2330 fidei
1384 2269 1400 2322 ,·
1421 2267 1475 2310 os-

266 2345 376 2410 tendit
392 2355 426 2410 et
440 2346 531 2429 quod
548 2347 622 2410 aliis
637 2345 799 2411 uideatur.
836 2367 900 2430 ego
915 2354 1028 2411 autern
1044 2347 1220 2431 cupiebam
1235 2347 1288 2410 his
1303 2346 1475 2412 intendere

318 2498 329 2532 1
347 2490 430 2531 autern
441 2498 480 2531 orn
493 2481 539 2532 H*
554 2479 558 2547 Ι
573 2482 612 2532 his
624 2481 674 2546 (afi
689 2482 791 2544 adiecit)
802 2482 855 2531 odd
868 2481 902 2532 H
907 2481 981 2544 (corrl
1200 2499 1215 2547 3
1231 2480 1356 2547 praesenti
1369 2479 1475 2542 Cicerr)

267 2579 281 2630 5
298 2565 368 2616 nollo
382 2564 417 2615 C*
428 2565 524 2614 nollum
536 2567 562 2627 [i.
572 2581 595 2614 e.
607 2567 702 2615 nullum
711 2565 753 2628 iil]
767 2567 872 2627 Cicorr)
887 2565 891 2631 1
907 2567 1025 2616 conuenit
1042 2566 1101 2631 (fier
1114 2565 1237 2629 laborare)
1261 2567 1282 2616 C
1301 2565 1374 2628 (corr)
1390 2563 1394 2629 1
1408 2565 1475 2614 idern

267 2647 314 2707 (Cr
334 2648 360 2697 id
372 2656 409 2697 est
421 2648 460 2711 H)
472 2647 525 2698 noli
541 2647 697 2698 oonsiderare
714 2647 825 2697 laborem
839 2648 887 2712 (oft
901 2647 1025 2707 laborare)
1036 2648 1089 2696 add
1100 2648 1154 2697 CH
1251 2664 1281 2712 ¹4
1297 2647 1436 2698 discerneoe
1446 2646 1481 2696 H

269 2743 297 2793 15
314 2737 351 2780 est
362 2745 401 2778 om
414 2729 449 2780 H
551 2741 578 2793 17
596 2738 683 2795 aptum
695 2728 863 2794 (foropt)C
970 2731 1000 2778 18
1017 2729 1085 2794 quod
1095 2735 1121 2779 et
1132 2729 1167 2779 H

303 2859 324 2893 ι.
352 2859 403 2892 non
416 2843 532 2908 firtrgotr]
573 2844 621 2893 Th.
640 2843 740 2908 regards
757 2842 794 2903 μὴ,
808 2843 846 2892 ἐκ·
896 2843 952 2892 sion
968 2841 998 2891 ol
1010 2843 1053 2892 the
1069 2858 1181 2908 passage.
1216 2842 1241 2892 Α
1258 2842 1303 2893 lull
1316 2850 1373 2907 stop
1383 2841 1477 2906 having

267 2921 377 2986 λυὸμενοι
388 2941 415 2974 as
427 2925 575 2990 descriptive
586 2926 616 2974 oi
624 2925 666 2974 the
681 2933 744 2975 state
761 2924 789 2974 oi
803 2925 847 2975 the
897 2925 960 2974 been
972 2923 1061 2988 placed
1073 2924 1136 2974 alter
1145 2924 1319 2988 compellimur,
1329 2923 1372 2973 the
1379 2922 1475 2973 follow·

268 3007 349 3055 future
360 3021 466 3070 reapers,
478 3013 522 3054 not
533 3021 560 3055 as
572 3006 716 3070 expressing
728 3005 771 3056 the
788 3021 846 3055 con·
896 3007 941 3070 ing
958 3006 1038 3054 words
1056 3007 1084 3067 (⁸⁸
1092 3005 1161 3054 nolle
1175 3005 1266 3067 [nolli]
1279 3007 1391 3056 laborare
1400 3004 1425 3068 ”)
1437 3021 1475 3055 as·

268 3087 347 3136 ‹lition
366 3087 395 3136 ol'
411 3088 542 3137 successful
560 3088 677 3152 reaplng:
702 3087 848 3137 “herealter
897 3089 984 3138 sumed
1007 3087 1049 3136 tlte
1072 3087 1135 3136 lorrn
1155 3086 1213 3137 oia
1232 3087 1370 3149 direction;
1391 3074 1441 3136 and
1461 3103 1476 3136 a

268 3184 306 3218 we
317 3169 382 3218 shall
394 3184 451 3234 reap
464 3169 567 3220 without
579 3168 698 3233 [κείμεθ’
731 3170 793 3219 'lhis
805 3187 846 3219 ex·
897 3169 1030 3217 command
1045 3183 1074 3218 so
1089 3168 1205 3232 startling
1221 3169 1320 3218 seemed
1337 3172 1365 3216 to
1380 3167 1445 3216 need
1461 3181 1477 3216 a

269 3249 405 3316 plantation,
431 3252 578 3315 apparently
597 3249 730 3314 suggested
751 3250 785 3315 by
805 3251 847 3300 the
897 3251 1019 3316 marginal
1030 3259 1089 3300 note
1100 3252 1135 3316 by
1145 3267 1200 3315 way
1212 3251 1242 3300 oi
1249 3252 1364 3317 apology.

270 3364 372 3415 peshito
402 3337 528 3438 (dm
570 3343 676 3441 Ἀ
708 3357 844 3416 “enm
933 3335 970 3383 18.
1011 3349 1052 3398 ego
1073 3341 1154 3382 aretem
1176 3334 1307 3398 cupiebam,
1331 3332 1390 3395 dte]
1433 3335 1476 3384 An

897 3413 981 3463 attach
1008 3429 1042 3462 on
1070 3413 1112 3462 the
1139 3414 1253 3479 growing
1277 3415 1429 3465 intolerance
1451 3414 1480 3464 of

271 3471 477 3580 ,ῥοιῶν
519 3461 617 3550 telo
657 3499 844 3597 nos-aun
897 3495 1014 3545 western
1027 3495 1210 3559 Christendom,
1221 3496 1304 3546 which
1314 3497 1364 3546 had
1375 3496 1477 3561 already

897 3574 974 3626 found
997 3575 1139 3640 expression
1167 3576 1193 3624 in
1221 3577 1264 3626 the
1291 3577 1423 3626 execution
1450 3576 1480 3626 oi

898 3657 1043 3718 Priscillian,
1057 3659 1107 3707 and
1119 3659 1201 3708 which
1217 3661 1244 3710 S.
1257 3661 1396 3724 Augustine
1412 3659 1476 3708 him-

270 3594 345 3714 ὲ),
371 3629 392 3679 is
413 3629 488 3694 given
515 3629 550 3694 by
571 3630 632 3680 each
658 3629 687 3681 oi
710 3632 753 3682 the
777 3640 847 3698 great

271 3739 360 3805 Syrien
380 3739 526 3804 expositors.
558 3739 598 3790 Cf.
620 3740 724 3806 Chrys:
745 3741 785 3791 erl
805 3743 849 3801 μὲν
897 3739 950 3796 seli,
969 3738 995 3786 in
1006 3738 1044 3788 his
1056 3738 1130 3788 latter
1141 3755 1218 3803 years,
1234 3739 1333 3789 shewed
1344 3755 1414 3789 some
1427 3738 1477 3788 dis·

269 3824 319 3884 γὰρ
329 3823 377 3870 τῶν
383 3819 496 3884 γηπὸνων
507 3823 553 3881 oin(
564 3821 578 3869 ὀ
590 3823 692 3884 σπείρων
702 3819 774 3882 μόνον
783 3821 848 3874 ἀλλὰ
897 3819 1004 3884 position
1022 3827 1048 3868 to
1065 3819 1156 3870 defend
1174 3819 1292 3882 [Retract.
1305 3820 1330 3870 ii.
1347 3832 1361 3882 5
1372 3839 1378 3870 ε
1399 3821 1476 3869 “dixi

271 3905 311 3952 rot
327 3900 339 3952 d
359 3903 455 3966 θερίζων
466 3903 542 3951 πολὺν
554 3903 663 3962 ὑπομένει
677 3899 720 3952 τὸν
737 3901 844 3954 πόνον...
897 3916 948 3949 non
965 3900 1026 3949 mihi
1044 3901 1142 3965 placere
1159 3901 1233 3950 ullius
1250 3902 1382 3952 saecularis
1395 3909 1477 3968 potes·

270 3981 328 4033 τότε
344 3985 369 4033 δὲ
380 3985 447 4033 οὐδὲν
457 3987 548 4033 τούτων
558 3987 598 4045 ἔνι,
614 3986 696 4046 φησίν.
719 3983 789 4034 εἶκαὶ
801 4003 847 4034 rra-
897 3982 954 4031 tatis
972 3981 1066 4047 impetu
1085 3982 1255 4032 schismaticos
1274 3984 1307 4032 ad
1324 3984 1477 4033 communio·

270 4062 380 4122 ραδηλῶν
390 4062 482 4122 ἔλεγεν·
500 4058 574 4122 καιρῷ
585 4062 640 4123 γάρ,
655 4064 729 4110 mh.
758 4063 847 4112 Thdt.:
897 4079 955 4112 nem
968 4063 1088 4112 uiolenter
1098 4065 1195 4113 arctati.
1229 4071 1254 4114 et
1265 4079 1323 4115 uere
1340 4071 1399 4113 tunc
1415 4063 1478 4113 mihi

271 4141 345 4191 πόνον
363 4137 411 4204 γὰρ
430 4143 488 4203 δίχα
511 4144 633 4204 θερίσομεν
648 4143 678 4193 τὰ
696 4145 848 4206 σπειρόμενα·
899 4158 951 4191 non
968 4143 1090 4208 placebat,
1110 4145 1228 4208 quoniam
1240 4144 1351 4194 nondum
1363 4152 1478 4208 expertus

270 4219 342 4272 τοῦτο
363 4222 412 4284 γάρ
438 4224 487 4282 ἔφη
508 4220 547 4282 μή
569 4219 753 4284 exanthum.
794 4227 849 4276 The
900 4241 967 4274 eram
984 4225 1025 4274 uel
1046 4234 1167 4291 quantum
1189 4227 1250 4276 mali
1272 4243 1357 4276 eorum
1376 4226 1479 4276 auderet

270 4304 353 4352 words
370 4305 474 4353 omitted
491 4305 555 4354 lrorn
574 4305 617 4355 the
633 4313 685 4357 text
699 4308 750 4372 just
767 4309 849 4358 below
899 4305 1033 4370 impunitas
1044 4308 1085 4357 uel
1096 4317 1218 4373 quantum
1229 4309 1265 4359 eis
1277 4309 1303 4358 in
1320 4307 1409 4358 melius
1425 4323 1479 4357 mu·

273 4382 337 4448 (¹‘id
347 4393 391 4444 est,
406 4385 458 4435 noli
476 4385 632 4437 considerare
640 4386 663 4448 ”l
680 4405 722 4439 are
738 4405 754 4438 a
770 4390 848 4438 mani·
900 4389 981 4438 landis
997 4390 1108 4442 conferre
1125 4400 1209 4457 posset
1222 4391 1353 4458 diligentie
1368 4390 1478 4456 discipli-

271 4465 318 4515 iest
334 4464 408 4530 gloss,
424 4465 573 4531 originating
589 4467 615 4517 in
631 4484 647 4518 a
663 4469 848 4535 misapprehen·
899 4471 988 4534 nae”].
