3342 5224
346 863 703 939 THEODORUS
759 865 1215 959 MOPSUESTENUS

411 1129 468 1203 IN
518 1129 842 1220 EPISTOLAM
890 1131 930 1206 B.
980 1132 1150 1206 PAULI

534 1427 635 1520 AD
684 1425 1034 1525 GALATAS.

591 1711 977 1826 ascensurum*
1375 1792 1397 1822 .

244 1944 394 2010 BEATUS
410 1945 582 2028 apostolus
599 1945 721 2009 Paulus
743 1945 843 2009 tidem
864 1967 951 2028 quae
974 1947 1006 2010 in
1024 1947 1156 2012 Christo
1173 1958 1223 2014 est
1239 1971 1382 2034 euange-
1421 2019 1426 2026 ,

178 2048 283 2113 lizans
303 2049 395 2112 uenit
414 2049 457 2112 ad
478 2056 614 2132 gentem
637 2047 852 2128 Galatarum;
884 2069 968 2132 quos
985 2059 1018 2115 et
1034 2072 1094 2134 per
1112 2053 1255 2136 gratiam
1276 2057 1382 2120 sancti

180 2151 323 2234 Spiritus
349 2151 397 2214 ita
418 2171 479 2216 sua
503 2150 717 2214 inluminauit
744 2151 904 2224 doctrina,
926 2161 963 2216 ut
990 2153 1091 2217 etiam
1118 2155 1291 2220 credentes
1315 2177 1381 2220 non

178 2252 281 2317 modo
296 2238 553 2336 baptizarentur,
569 2253 628 2316 sed
645 2253 746 2316 etiam
766 2253 872 2316 sancti
892 2253 1035 2336 Spiritus
1052 2257 1195 2338 gratiam
1217 2258 1260 2321 ad
1279 2259 1383 2321 instar

178 2365 363 2428 ceterorum
378 2347 526 2422 fidelium
543 2357 811 2439 adsequerentur.
856 2357 993 2440 quidam
1013 2379 1091 2422 uero
1109 2380 1154 2422 ex
1174 2360 1307 2424 Iudaeis
1325 2360 1382 2443 qui
1418 2371 1434 2438 5

179 2448 312 2526 Christo
342 2461 559 2534 crediderant,
585 2480 689 2544 praua
709 2459 806 2544 ducti
836 2459 1068 2540 aemulatione,
1096 2460 1236 2526 multam
1262 2461 1383 2527 sollici-

178 2565 329 2630 tudinem
345 2565 585 2648 expendebant
606 2563 650 2627 ad
674 2562 738 2626 hoc
760 2570 797 2626 ut
819 2563 999 2627 suaderent
1015 2563 1078 2627 illis
1094 2565 1211 2647 quiex
1226 2567 1383 2648 gentibus

178 2669 386 2733 crediderant
408 2668 510 2733 etlam
533 2667 616 2751 legis
638 2687 770 2730 seruare
792 2667 960 2731 mandata.
1006 2675 1057 2730 est
1078 2676 1190 2731 autem
1205 2659 1384 2752 argumen-¹

178 2779 251 2834 tum
271 2770 369 2836 huius
391 2768 553 2854 epistolae
577 2768 720 2850 plurima
745 2769 779 2830 in
803 2778 899 2851 parte
921 2771 1126 2833 concordans
1151 2771 1184 2834 in
1210 2770 1273 2835 illis
1296 2793 1383 2855 quae

178 2873 213 2936 in
235 2874 382 2938 secunda
405 2872 447 2936 ad
473 2866 663 2936 Corinthios
693 2859 837 2953 epistola
867 2891 1027 2954 expressa
1057 2893 1129 2936 esse
1159 2873 1323 2947 uidentur,
1355 2873 1382 2936 si
1401 2893 1440 2942 10

178 2977 253 3060 quis
282 2985 397 3040 tamen
434 2975 504 3039 eius
533 2983 768 3057 argumentum
799 2975 961 3037 ueraciter
989 2994 1066 3038 cum
1097 2975 1192 3038 istius
1222 2974 1384 3058 epistolae

179 3089 376 3162 argumento
392 3098 584 3161 comparare
601 3078 752 3143 uoluerit.
798 3086 960 3142 uenerunt
981 3098 1060 3161 ergo
1078 3077 1112 3141 hi
1131 3087 1166 3142 et
1184 3079 1227 3142 ad
1247 3088 1383 3162 gentem

180 3181 384 3258 Galatarum,
399 3180 578 3266 plurimum
602 3181 803 3264 derogantes
826 3179 1018 3264 apostolum
1043 3181 1195 3258 Paulum,
1210 3182 1389 3266 cupientes,

228 3352 376 3403 *meleth
389 3337 552 3401 ARGUffiTVM
565 3387 571 3400 .
584 3363 613 3400 ΙΝ
639 3363 773 3402 EPISTOLA
797 3363 880 3400 ntum
906 3363 989 3400 Pnt‘ul
1015 3362 1148 3401 APOSTOLI
1173 3363 1212 3402 AD
1238 3363 1387 3403 GALATHAS

179 3445 338 3484 exnosrrun
351 3446 369 3482 A
381 3445 472 3483 nanno
489 3444 630 3482 AMBROSIO
648 3445 777 3483 nmscoro
796 3435 819 3482 C
953 3453 968 3494 4
986 3433 1062 3482 modo
1072 3449 1111 3486 οννι
1122 3435 1157 3483 H
1281 3448 1297 3500 9
1314 3449 1383 3485 cone.

178 3515 227 3564 illis
241 3516 264 3564 C
274 3511 346 3577 (corr)
359 3512 400 3576 [cs.
414 3529 440 3578 p.
456 3527 495 3576 51,
509 3512 525 3563 1.
543 3511 567 3572 ι]
695 3528 723 3562 ra
740 3520 913 3576 argumentum
927 3513 965 3562 C'
979 3513 1011 3562 H
1021 3511 1025 3576 1
1040 3520 1065 3563 et
1076 3512 1103 3561 hi
1114 3514 1148 3562 H

211 3745 234 3788 4
254 3743 275 3775 s.
283 3725 392 3790 Spiritus
395 3726 520 3791 gratiam]
532 3726 606 3776 Curd.
617 3725 700 3776 Pitra:
712 3727 760 3776 “in
810 3743 825 3777 a
837 3727 920 3779 writer
931 3743 958 3778 as
967 3727 1035 3791 early
1044 3725 1211 3778 asTheodore
1220 3726 1249 3776 oi
1258 3726 1387 3792 Mopsues-

180 3806 379 3873 primis-intendit
388 3807 512 3858 uisionum
523 3808 590 3857 dona
601 3823 631 3857 ac
639 3807 759 3857 uirtutum
811 3807 871 3858 tia.”
912 3809 985 3860 'lla's
1005 3809 1118 3860 derodere
1134 3817 1161 3859 to
1181 3825 1194 3858 ο
1216 3809 1274 3860 Cor.
1300 3809 1321 3860 is
1342 3819 1388 3860 not

179 3906 242 3956 ques
257 3891 379 3956 primaeui
393 3889 480 3941 fideles
491 3891 560 3940 miris
572 3891 653 3941 modis
664 3905 761 3940 exerce·
811 3896 918 3949 extant;
950 3889 995 3939 but
1022 3889 1066 3939 the
1092 3888 1228 3952 following,
1246 3887 1339 3962 vwhich
1367 3888 1388 3936 is

180 3974 248 4024 bant.
253 3974 269 4000 ”
279 3973 327 4023 See
332 3974 374 4023 the
383 3988 473 4024 comm
481 3987 515 4022 on
520 3973 576 4024 Gal
581 3975 614 4022 lv.
619 3971 642 4033 6,
650 3987 664 4022 a
671 3974 760 4024 Thess.
811 3971 920 4032 Thales,
931 3971 1059 4021 doubtless
1067 3977 1205 4036 represents
1213 3967 1284 4019 Th.’s
1291 3969 1354 4019 view
1363 3970 1393 4018 os

180 4054 205 4104 ii.
215 4052 238 4106 6.
266 4054 316 4104 Th.
326 4054 442 4104 however
449 4053 503 4119 lays
513 4063 583 4119 great
595 4061 669 4104 stress
678 4069 711 4105 on
718 4055 761 4105 the
812 4055 865 4104 that
878 4054 980 4120 epistle:
998 4055 1060 4104 τινὲς
1069 4056 1118 4102 τῶν
1128 4055 1154 4114 ἐξ
1166 4053 1288 4102 Ἰουδαίων
1299 4069 1387 4102 πεπισ-

180 4135 298 4200 ordinary
313 4135 456 4201 operatione
473 4136 503 4185 oi
517 4135 560 4186 the
579 4135 649 4200 Holy
662 4135 740 4201 Spirit
751 4151 759 4196 ;
811 4138 930 4187 τευκδτων
951 4137 997 4196 τὴν
1019 4136 1117 4196 νομικὴν
1138 4134 1299 4194 ἀσπαζόμενοι
1320 4135 1389 4183 πολι·

180 4233 223 4268 see
235 4233 268 4267 on
280 4217 337 4267 Gal.
352 4216 387 4266 iii.
402 4231 424 4276 a,
440 4231 462 4281 3,
478 4215 543 4281 Eph.
556 4217 573 4265 i.
589 4232 626 4279 14,
639 4217 726 4280 2381c.
811 4221 885 4280 τοίαν,
900 4219 1008 4266 πάντοσε
1020 4217 1212 4280 περινοστοῦντες
1221 4216 1267 4276 τὴν
1282 4212 1388 4265 deerre-

217 4315 253 4354 11.
289 4316 345 4350 cum
357 4301 428 4349 istius
442 4299 506 4363 epist.
521 4299 589 4364 arg]
617 4299 707 4362 Comp.
723 4298 761 4348 Dr
812 4302 882 4360 λικὴν
900 4299 1058 4349 διδασκαλίαν
1079 4297 1390 4362 διέβαλλον...φυλδστειν

181 4383 320 4449 Lightloot,
334 4382 467 4432 Galatiam
477 4397 503 4446 p.
515 4400 556 4444 44,
566 4382 615 4431 and
626 4391 699 4431 note:
716 4381 760 4430 “it
812 4381 905 4431 ἅπασιν
921 4383 964 4431 τὸν
981 4381 1052 4440 νόμον
1069 4375 1261 4443 eamdem·
1278 4375 1353 4428 ταύτδ
1365 4381 1391 4427 δὲ

180 4463 357 4530 isinteresting
368 4471 395 4512 to
408 4461 459 4512 find
472 4463 525 4511 that
537 4461 579 4512 the
591 4461 762 4512 resemblance
812 4465 885 4513 τοῦτο
902 4465 942 4513 καὶ
958 4465 984 4512 ἐν
1001 4463 1109 4524 Κορίνθῳ
1123 4459 1272 4523 δεδράκασιν.
1299 4460 1392 4522 γράφει

181 4546 295 4596 between
306 4545 350 4595 the
361 4552 413 4594 two
425 4543 526 4608 epistles
537 4559 588 4595 was
597 4543 718 4593 observed
727 4543 760 4608 ny
813 4543 891 4591 τοίνυν
903 4540 916 4591 δ
929 4541 990 4590 θεῖος
1000 4535 1145 4598 ἀπόστολος,
1160 4539 1234 4587 κ.τ.λ.

270 4639 298 4690 S,
1288 4635 1299 4678 1
