3340 5232
281 381 345 449 172
456 429 458 436 ,
607 380 835 434 sueonoxus
858 381 1151 435 norsussrsnus
1261 369 1489 456 [IV.19-21.

279 563 365 626 runt,
381 563 415 618 et
430 574 451 617 a
470 553 534 617 Dei
555 553 625 618 uita
641 554 740 619 alieni
756 564 834 621 sunt
850 553 990 634 effecti3'
1014 566 1050 621 ut
1070 557 1169 634 dicat,
1189 563 1228 622 ‘a
1249 561 1490 640 resurrectione

278 654 336 719 illa
350 675 437 738 quae
452 655 521 719 fieri
538 654 773 739 expectaturl*
817 658 897 740 quid
915 677 993 721 uero
1009 657 1078 722 illi?

343 820 403 902 qni
415 821 613 904 desperantes
625 822 805 906 semetipsos
819 823 1029 888 tradiderunt
1042 824 1269 907 impudicitiae,
1284 824 1321 890 in
1334 826 1489 908 operette

279 946 351 990 nem
366 926 471 989 omnis
485 926 713 990 immunditiae
726 937 758 990 et
770 927 941 992 auaritiae.

249 1063 264 1132 5
337 1050 423 1114 bene
452 1048 567 1131 †dixit
595 1052 802 1135 desperantes,
831 1075 876 1117 ex
907 1053 963 1117 illa
997 1055 1126 1118 ratione
1152 1055 1233 1118 illud
1260 1075 1394 1119 sumens
1420 1074 1490 1136 qua

279 1153 389 1218 solent
405 1175 505 1237 saepe
520 1156 630 1238 aliqua
646 1158 796 1221 membra
810 1159 965 1239 passione
981 1159 1126 1240 corporis
1138 1159 1348 1235 mortificari;
1367 1158 1489 1239 quibus

280 1257 405 1321 exinde
430 1279 496 1322 non
522 1260 630 1322 solum
657 1261 753 1324 dolor
775 1260 885 1324 nullus
913 1263 1111 1339 adnascitur,
1133 1264 1191 1327 sed
1216 1283 1323 1345 neque
1346 1264 1488 1327 membri

280 1357 384 1439 ipsius
405 1360 532 1422 excisio
550 1381 685 1425 sensum
706 1362 840 1444 aliquod
865 1362 928 1426 illis
951 1373 1120 1447 praestare
1137 1365 1299 1430 uidetur!
1344 1365 1407 1429 ‘illi
1426 1365 1490 1449 (in-

280 1460 366 1544 quit)
398 1483 505 1545 neque
535 1464 698 1528 malorum
729 1464 858 1528 illorum
889 1487 975 1547 quae
1010 1477 1115 1550 agunt
1150 1489 1283 1532 sensum
1322 1469 1489 1550 suscipere

230 1584 269 1633 10
281 1567 406 1642 uolunt,
431 1567 465 1630 in
491 1587 625 1632 omnem
653 1579 765 1633 actum
785 1589 926 1653 prauum
950 1571 1052 1635 semel
1075 1571 1202 1654 seipsos
1228 1571 1489 1654 ingurgitantes!

281 1683 315 1737 et
336 1692 412 1736 cum
436 1672 541 1736 multa
557 1675 772 1756 expressione
787 1673 843 1736 illa
858 1694 944 1755 quae
960 1673 1091 1737 illorum
1106 1663 1237 1740 fuerant
1252 1675 1394 1750 edicens,
1409 1694 1489 1738 con-

280 1776 420 1842 trasistit
435 1797 515 1841 sua:

345 1949 403 1992 nes
423 1938 530 1991 antem
550 1949 612 1991 nen
628 1928 676 1991 ita
691 1927 853 1992 didicistis
869 1926 1047 2006 Christum,
1061 1927 1094 1994 si
1107 1939 1215 1994 mmen
1230 1929 1324 1994 illum
1338 1930 1490 2008 audistis,

280 2038 313 2093 et
325 2028 362 2093 in
377 2028 432 2093 illa
446 2029 532 2093 docti
543 2029 628 2105 estis,
643 2029 727 2093 siem
740 2040 787 2093 est
800 2031 924 2094 ueritas
937 2031 975 2094 in
988 2030 1071 2097 Iesu.

231 2193 267 2262 15
346 2193 426 2238 nam
449 2175 539 2257 quod
555 2174 644 2237 dixit
658 2173 690 2236 si
703 2183 811 2238 tannn
833 2174 928 2238 illum
949 2175 1099 2251 audistis,
1120 2175 1185 2240 hoc
1205 2185 1264 2252 est,
1287 2176 1490 2240 ‘necessarie

282 2295 359 2339 eum
375 2276 514 2338 audistis
526 2275 546 2353 ;'
563 2277 649 2339 sicut
664 2285 697 2340 et
713 2276 747 2339 in
763 2277 994 2359 superioribus,
1009 2277 1042 2340 si
1061 2278 1203 2342 audistis
1223 2277 1491 2359 dispensationem

276 2381 410 2465 gratias
420 2378 486 2443 Dei
495 2400 576 2463 qnae
586 2379 666 2443 duta
680 2390 728 2444 est
740 2381 825 2444 milri
839 2381 874 2444 in
890 2381 986 2445 nubis.
1017 2378 1108 2461 †hoc
1123 2383 1212 2446 enim
1228 2382 1317 2457 dicit,
1329 2381 1490 2462 quoniam

282 2579 363 2660 ζωῆς
388 2573 558 2663 ἀλλότριοι
584 2575 814 2648 κοθεστώτες·’
850 2573 901 2641 i'ua
927 2575 1013 2661 εἴπῃ,
1036 2578 1095 2654 τῆς
1115 2573 1388 2659 προσδοκωμένης
1409 2570 1491 2639 riua-

283 2680 439 2749 στάσεως.

228 2803 272 2852 20
348 2767 439 2849 τὸδὲ
457 2767 673 2858 inntrnndrec
694 2778 805 2869 ὥσπερ
827 2782 891 2846 τῶν
908 2779 974 2846 ἀπὸ
989 2777 1113 2850 πάθους
1128 2777 1215 2852 τινὸς
1229 2779 1309 2866 μέρη
1324 2775 1492 2849 πολλάκις

221 2937 225 2946 .
282 2888 340 2952 τοῦ
367 2883 517 2970 σώματος
542 2883 788 2969 νενεκρωμένον,
811 2881 858 2952 οῖς
883 2881 920 2948 οὗ
940 2881 1038 2965 μόνον
1060 2881 1164 2966 ἄλγος
1185 2879 1277 2948 οὐδὲν
1299 2880 1418 2947 ἐκεῖθεν
1439 2881 1491 2962 ἐγ-

282 2987 413 3074 γίνεται,
429 2985 508 3053 ἀλλ’
526 2985 634 3067 οὖδὲῆ
651 2989 707 3052 τοῦ
722 2984 837 3074 μέρους
852 2983 1026 3071 ἀφαίρεσις
1041 2983 1198 3065 αἴσθησιν
1212 2985 1350 3067 ἐμποιεῖ.

349 3093 444 3158 τοῦτο
472 3088 571 3176 λέγει,
597 3087 648 3154 δτι
677 3085 827 3158 ‘ndvrtos
851 3093 919 3155 ποῦ
948 3087 1005 3154 eat
1029 3086 1192 3170 ἠκούσατε
1217 3085 1275 3153 nal
1301 3085 1493 3176 ἐδιδάχθητε

479 3269 493 3321 7
510 3255 575 3306 ullus
593 3255 654 3307 CH
664 3253 668 3319 Ι
683 3255 802 3305 membris
816 3254 891 3305 C*H
1082 3269 1112 3306 ιο
1129 3269 1234 3321 paruum
1248 3254 1287 3306 C*

319 3430 340 3464 ι.
373 3419 403 3461 ut
423 3411 489 3460 duat
509 3409 537 3459 ‘a
557 3408 754 3471 resurrectum]
787 3409 860 3460 Cited
944 3411 968 3459 8.
985 3425 1083 3459 sensum
1091 3409 1204 3475 almund]
1217 3409 1255 3459 Cf.
1266 3421 1354 3475 p.r7o,
1364 3411 1381 3460 l.
1387 3427 1410 3480 ι,
1422 3420 1490 3464 note.

283 3498 317 3560 by
333 3494 465 3546 lanfranc·
499 3493 524 3542 A
543 3493 725 3542 characteristic
742 3491 862 3556 interpre-
947 3506 984 3541 rr.
1016 3491 1176 3552 contrasistit]
1220 3489 1259 3542 Cf.
1280 3505 1307 3555 p·
1331 3492 1489 3557 108‚p.15.

284 3579 370 3628 tation
405 3574 481 3625 Thdt.
502 3574 596 3640 rightly
617 3581 667 3624 sets
686 3574 706 3624 it
724 3573 793 3624 aside
810 3572 862 3623 and
911 3577 979 3619 note.

283 3657 427 3724 expounds:
449 3653 512 3722 pair
534 3657 580 3716 τὴν
601 3657 656 3706 θεοῦ
677 3657 723 3716 τὴν
744 3657 769 3705 ἐν
788 3651 861 3720 ἀρετῇ
946 3665 982 3714 ¹3·
1018 3649 1043 3698 si
1057 3649 1216 3700 tanen...tnc
1232 3655 1267 3698 est
1282 3649 1420 3710 necarent]
1454 3649 1491 3700 So

284 3741 346 3801 ζωὴν
357 3738 559 3800 ammaonte.
912 3731 1000 3796 Chrys.
1019 3729 1175 3796 (comparing
1197 3743 1211 3778 a
1235 3729 1324 3780 Thess.
1347 3729 1363 3779 i.
1388 3728 1433 3791 6ls
1461 3732 1491 3780 τὸ

318 3833 341 3884 5.
385 3819 440 3868 tene
465 3818 531 3868 ιίιίτιϊ
564 3816 735 3882 desperantes]
783 3816 808 3866 It
841 3815 862 3866 is
911 3814 975 3875 εἴγε
1007 3813 1050 3862 οὐκ
1083 3809 1282 3874 ,appensionis
1314 3812 1388 3870 ἐστιν,
1424 3810 1492 3860 ἀλλὰ

283 3911 383 3968 strange
404 3903 458 3952 that
480 3901 552 3952 Th's
579 3900 719 3965 exposition
745 3900 791 3950 has
817 3905 863 3949 not
911 3895 952 3944 rel
969 3894 1063 3954 σφόδρα
1081 3891 1299 3954 διαβεβαιουμένου.
1336 3888 1409 3950 Oen,
1427 3889 1492 3940 after

283 3985 425 4052 compelled
443 3984 486 4034 the
504 3983 681 4034 translator'to
699 3983 817 4032 abandon
836 3989 863 4032 at
911 3976 1016 4040 quoting
1038 3973 1077 4024 his
1101 3975 1214 4039 opinion,
1242 3973 1368 4023 remarks:
1392 3974 1492 4023 tirum

284 4068 347 4118 least
360 4066 386 4116 in
404 4067 446 4116 the
465 4081 556 4116 comm
575 4065 624 4115 this
641 4063 790 4128 inadequate
807 4079 862 4114 ren·
912 4057 1218 4119 steteruntmaesti
1235 4055 1295 4104 uiri
1312 4056 1435 4116 δέξασθαι,
1452 4056 1491 4105 aa

284 4145 413 4212 deringoi
425 4143 600 4207 ἀπηλγηκότες.
634 4143 862 4194 Thdt.addsare·
912 4143 952 4190 nal
962 4143 1057 4201 μᾶλλον
1067 4138 1153 4190 αὐτοὺς
1164 4142 1255 4201 πλήξῃ.
1274 4139 1372 4197 Abone,
1385 4155 1407 4188 c.
1419 4139 1455 4188 iii.
1466 4155 1490 4198 a,

284 4228 356 4278 mark
369 4227 451 4277 which
468 4241 548 4277 seems
563 4233 591 4276 to
604 4224 668 4274 have
681 4223 789 4289 escaped
800 4223 861 4284 Th,
912 4220 961 4270 Th.
979 4219 1140 4284 consistently
1154 4219 1318 4284 paraphrases
1332 4217 1492 4269 “nwessarie

285 4311 339 4362 that
356 4307 467 4373 πώρωσις
481 4306 514 4373 (ν.
529 4306 554 4372 5)
569 4307 673 4372 belongs
690 4315 717 4357 to
734 4307 776 4357 the
794 4321 862 4356 same
912 4301 1049 4363 audistis”;
1065 4301 1156 4352 buton
1168 4301 1226 4352 Gal.
1238 4299 1491 4365 histri-remelini

285 4393 417 4459 metaphor
433 4406 461 4441 as
477 4393 586 4452 hanins
605 4391 739 4453 πώρωσιν
759 4389 784 4438 δὲ
799 4405 861 4451 κορ-
912 4383 944 4434 he
959 4383 1260 4450 depsttslromhisown
1276 4382 1338 4433 mle.
1372 4381 1413 4434 Ci.
1428 4381 1491 4434 Elli-

286 4474 346 4526 διοι
357 4471 401 4535 τήν
412 4467 521 4536 ἐσχάτην
531 4471 684 4534 Massica
695 4467 818 4521 tam-ee.
912 4474 965 4520 coti
975 4466 1026 4518 tud
1038 4464 1166 4532 Lighrloot
1178 4481 1212 4517 on
1223 4464 1280 4518 Gal.
1290 4464 1311 4515 i.
1319 4481 1340 4516 ι.
