3292 5206
306 377 366 456 308
629 390 856 442 ruuououus
880 391 1172 446 uorsuasruuus
1260 463 1264 472 Ι
1308 384 1379 466 [Ν.
1396 401 1510 465 7—10.

370 563 430 626 illa
444 583 526 646 quae
537 559 623 626 circa
634 584 683 626 me
701 573 780 627 sunt
792 561 902 627 omntit
917 573 993 628 nota
1012 564 1214 648 uobirfaciet
1235 565 1266 630 T
1256 565 1393 649 yclricus,
1411 567 1512 632 caris·

302 662 407 750 simus
412 665 528 745 frater
541 673 572 727 et
576 663 689 747 fidelis
704 664 854 728 minister
866 675 898 730 et
910 687 1079 731 conseretur
1095 668 1130 731 in
1147 669 1313 745 Dominof
1327 692 1418 753 quem
1434 669 1513 735 misi

301 764 350 826 ad
368 786 425 828 uos
445 765 566 830 adhoc
586 766 698 848 nasum,
720 777 758 830 ut
770 779 933 850 cognoscat
945 791 983 831 ea
1005 791 1087 851 quae
1109 771 1195 834 circa
1217 793 1273 836 uos
1295 784 1374 837 stent
1391 783 1423 836 et
1439 795 1510 837 con-

299 869 420 932 soletur
431 869 528 931 corda
543 875 658 944 uestra,
672 889 745 932 cum
763 859 911 934 Onesimo
916 871 1014 953 fideli
1021 883 1063 935 et
1075 873 1242 937 carissimo
1255 876 1371 956 fratre
1389 876 1448 959 qui
1464 887 1513 942 est

270 977 285 1044 5
301 991 340 1033 ex
353 970 450 1034 uobis.
495 969 607 1033 omnia
621 971 711 1034 uobr's
725 983 802 1036 nota
814 973 953 1054 sacrent,
967 995 1048 1056 quae
1061 975 1113 1038 ln'c
1126 986 1280 1058 aguntur.

367 1098 541 1182 ‘quoniam
558 1100 670 1165 omnia
685 1101 780 1164 uobis
796 1111 875 1164 nota
891 1101 989 1164 saciet
1004 1099 1171 1183 Tychicus
1188 1101 1245 1165 illa
1261 1123 1346 1185 quae
1361 1123 1439 1186 erga
1455 1123 1509 1167 me
1571 1151 1574 1164 .

300 1208 387 1278 sunt,
411 1210 587 1285 propterea
614 1223 634 1264 a
659 1223 714 1265 me
736 1204 881 1266 directus
911 1213 961 1265 est
992 1222 1068 1286 cum
1095 1201 1256 1266 Onesimo
1277 1203 1384 1280 fratre,
1410 1204 1465 1288 qui
1490 1225 1511 1267 a

300 1307 396 1371 uobis
420 1315 565 1382 uenerat,
583 1307 628 1370 ita
647 1317 684 1370 ut
705 1317 785 1371 nota
808 1307 904 1369 uobis
930 1305 1054 1369 faciant
1077 1326 1163 1389 quae
1186 1326 1264 1388 erga
1286 1328 1347 1370 nos
1370 1316 1457 1385 sunt,
1475 1315 1510 1371 et

299 1407 468 1473 oblectent
484 1429 544 1472 uos
559 1428 619 1492 per
633 1429 729 1474 suum
746 1410 936 1484 aduentum,
953 1411 1066 1472 omnia
1077 1431 1162 1494 quae
1177 1409 1231 1473 hic
1246 1418 1390 1493 aguntur
1405 1409 1510 1472 mani-

248 1521 286 1570 10
299 1510 383 1576 festa
399 1512 555 1577 facientes
572 1513 686 1578 uobis.’

361 1663 486 1726 salutat
500 1685 555 1726 uos
569 1661 785 1727 Aristarchus
798 1664 1000 1745 concaptiuns
1016 1685 1110 1740 metes,
1125 1674 1157 1727 et
1166 1663 1312 1740 Marcus,
1323 1675 1413 1748 rzepos
1424 1663 1511 1729 Bar-

297 1770 407 1847 nabas,
423 1769 535 1851 dequo
551 1769 742 1832 rnandatum
758 1766 918 1850 acceptetis
933 1777 977 1846 ut,
997 1765 1030 1830 si
1048 1767 1172 1831 uenerit
1187 1768 1235 1832 ad
1246 1790 1310 1845 uos,
1325 1767 1510 1852 suscpiatis

298 1870 400 1934 illum.

361 1995 483 2061 deinde
507 1995 631 2061 salutat
655 2017 712 2059 eos
736 1997 779 2059 ab
803 1993 1006 2071 Aristarcho
1031 2016 1130 2078 quem
1158 2005 1191 2060 et
1215 1995 1384 2078 captiuum
1410 2017 1506 2065 suum

245 2111 281 2176 15
297 2098 397 2161 edicit
419 2118 500 2174 esse,
517 2108 634 2180 utpote
656 2099 860 2180 conligatum
884 2099 966 2176 sibi;
988 2107 1022 2162 et
1044 2117 1064 2162 a
1089 2097 1213 2161 Marco‘
1226 2119 1325 2181 quem
1350 2110 1506 2181 nepotem

295 2199 376 2262 dicit
392 2220 464 2263 esse
481 2201 661 2278 Barnabae,
678 2202 720 2264 de
735 2222 802 2284 quo
817 2202 919 2265 etiam
936 2202 1132 2264 mandatum
1149 2223 1206 2264 eos
1226 2203 1391 2284 accepisse
1407 2203 1509 2267 edicit

296 2303 343 2368 ita
359 2312 396 2367 ut
411 2305 600 2368 uenientem
618 2325 694 2368 eum
712 2305 880 2387 recipiant.
924 2305 1006 2368 dicit
1021 2312 1133 2368 autem
1150 2326 1207 2368 eos
1228 2307 1393 2387 accepisse
1413 2326 1507 2370 man-

295 2404 412 2469 datum
429 2425 495 2469 non
511 2408 555 2470 ab
570 2406 636 2470 alio
652 2407 772 2490 aliquo,
788 2427 895 2490 neque
911 2428 931 2470 a
946 2427 991 2484 se,
1007 2407 1065 2470 sed
1082 2405 1125 2470 ab
1142 2407 1197 2470 illo
1219 2406 1275 2489 qui
1294 2407 1507 2490 praedicane-

344 2597 368 2660 6,
384 2611 397 2662 7
415 2601 623 2664 quoniam-sunt
634 2615 673 2650 om
685 2615 700 2648 r
805 2601 820 2648 8
838 2597 911 2649 saciet
925 2597 961 2649 θ’
982 2565 1070 2648 'saciat
1081 2599 1125 2648 H:
1143 2605 1184 2647 txt
1197 2598 1218 2648 C
1229 2599 1303 2660 (corr)
1315 2615 1332 2648 r
1348 2599 1506 2660 [saciet-ad·

294 2687 396 2730 ventum
407 2681 443 2729 ad
450 2681 506 2730 calc.
522 2681 553 2742 C]
661 2697 686 2732 rr
707 2696 785 2746 nepus
798 2681 830 2730 H
934 2696 961 2742 ¹4
980 2680 1156 2745 conoeptiuurn
1170 2679 1276 2745 C(corr)
1370 2683 1399 2733 18
1415 2681 1516 2746 abllef

294 2761 354 2828 alio)
367 2762 464 2813 omH*

327 2937 350 2986 3.
391 2929 420 2971 ut
433 2929 556 2986 cogrroscat
565 2941 592 2974 ea
603 2941 665 2989 quae
674 2926 738 2974 cr'rca
750 2942 793 2974 uos
803 2923 873 2984 narrt]
924 2919 1039 2985 example
1050 2919 1136 2970 before
1153 2919 1195 2969 the
1210 2919 1348 2984 beginning
1361 2918 1390 2968 os
1406 2921 1449 2970 the
1462 2922 1506 2984 7th

293 3005 333 3054 rm
347 3001 400 3068 γνῷ
415 3005 446 3054 rd
460 3007 516 3067 περὶ
532 3003 594 3064 ὑμῶν
602 3023 609 3065 ;
626 3005 668 3055 the
679 3005 782 3070 reading
793 3005 822 3054 ol
830 3005 873 3054 the
924 3011 990 3052 cent.
1028 3003 1060 3051 In
1072 3003 1114 3053 the
1125 3003 1170 3052 8th
1185 3011 1288 3066 century
1299 3003 1329 3065 tl)
1344 3003 1386 3051 the
1401 3003 1506 3067 opinion

294 3087 369 3151 Vulg.
393 3087 450 3146 But,
464 3103 491 3136 as
504 3087 542 3136 Dr
553 3085 872 3151 Lightsoothasobserved
924 3085 978 3135 that
998 3085 1099 3134 Marcus
1122 3101 1173 3133 was
1195 3084 1225 3133 st
1250 3083 1333 3133 Paul's
1355 3085 1461 3150 nephew
1483 3089 1506 3136 is

293 3167 450 3230 (Colossiam,
478 3183 504 3232 p.
524 3183 578 3230 321,
609 3167 687 3230 note),
718 3165 872 3217 Theodore's
924 3165 1056 3231 expressed
1078 3167 1112 3230 by
1136 3165 1221 3216 Sedul.
1246 3166 1325 3224 Scot.,
1345 3166 1411 3226 who,
1431 3167 1507 3218 while

296 3249 449 3297 “comment
468 3248 566 3312 implies
587 3247 629 3297 the
647 3248 718 3298 other
727 3246 741 3268 ’'
759 3248 870 3312 reading,
924 3247 1047 3310 retaining
1058 3246 1100 3296 the
1116 3247 1224 3311 Vulgate
1240 3246 1371 3312 rendering
1382 3247 1411 3297 ol
1425 3249 1505 3313 drap,

292 3331 339 3379 viz.
358 3329 396 3379 lua
412 3329 493 3392 γνῶτε
510 3328 541 3380 rd
558 3332 612 3391 περὶ
632 3328 705 3390 ἡμᾶν.
724 3317 787 3382 ³See
809 3333 826 3382 l.
841 3335 872 3382 82
925 3330 1055 3396 explains:
1076 3329 1168 3380 “lilius
1179 3331 1269 3380 sororis
1282 3329 1438 3380 Bamabae.’‘

296 3412 357 3460 “ita
379 3419 407 3460 ut
429 3419 489 3461 nota
513 3411 585 3460 uobis
611 3410 704 3461 saciant
727 3428 791 3478 quae
812 3429 872 3477 erga
957 3412 1072 3476 Possibly
1092 3413 1209 3462 however
1232 3419 1302 3476 nepos
1321 3428 1372 3461 was
1390 3411 1450 3462 used
1471 3413 1506 3476 by

292 3508 338 3542 nos
354 3489 435 3542 sunt¹‘
447 3491 527 3554 (τίμα
541 3491 692 3553 propiorem
706 3491 757 3552 ὑμῖν
772 3490 804 3542 τὰ
816 3493 871 3555 περὶ
923 3510 969 3545 our
986 3495 1118 3545 translator
1134 3511 1162 3544 as
1178 3511 1210 3544 an
1227 3495 1370 3559 equivalent
1383 3493 1411 3543 ol
1424 3511 1504 3544 conso·

292 3571 376 3638 ἡμῶν).
923 3575 1018 3633 bibus,
1030 3593 1046 3625 a
1057 3581 1127 3626 se'nse
1139 3576 1221 3626 which
1236 3575 1279 3626 the
1292 3576 1360 3624 word
1372 3591 1452 3626 seems
1463 3593 1506 3627 oc·

325 3673 349 3717 4.
381 3655 457 3720 fideli
480 3660 504 3703 et
529 3654 664 3716 can'ssimo]
712 3655 768 3705 The
796 3655 871 3706 Latin
923 3657 1059 3722 oasionally
1079 3665 1105 3707 to
1122 3657 1186 3707 have
1206 3657 1285 3706 borne
1305 3658 1395 3706 inlate
1412 3657 1505 3718 Latin3

291 3738 401 3788 versions
418 3753 514 3798 reverse
532 3737 575 3787 the
591 3737 664 3786 order
683 3736 713 3785 ol
729 3737 771 3786 the
788 3737 870 3802 adjec·
923 3753 965 3790 see
976 3740 1106 3805 Ducange‚
1118 3756 1137 3788 s.
1149 3756 1174 3788 v.
1209 3741 1239 3788 ln
1252 3741 1332 3790 either
1342 3757 1398 3790 case
1410 3741 1441 3790 its
1453 3757 1504 3791 em·

290 3822 362 3872 tives.
468 3857 473 3864 -
923 3822 1053 3887 ployment
1064 3823 1122 3871 here
1135 3837 1240 3887 appears
1251 3823 1363 3872 tobean
1374 3831 1505 3887 argument

326 3921 363 3955 rr.
397 3905 509 3964 Marcus,
529 3911 599 3968 nepos
615 3901 758 3965 Barnabae]
792 3904 832 3955 Cf.
853 3905 870 3954 l.
923 3902 961 3952 sor
975 3903 1102 3968 assigning
1118 3919 1133 3952 a
1150 3903 1199 3953 late
1216 3903 1274 3953 date
1291 3911 1318 3954 to
1335 3903 1384 3954 this
1400 3907 1505 3956 transla-

294 3999 331 4050 15.
365 3987 420 4036 The
443 3985 519 4036 Latin
541 3985 651 4034 versinus
676 3985 733 4049 give
756 3987 870 4036 “conso·
923 3984 985 4034 tion.

289 4067 401 4119 brinus.”
433 4067 488 4120 Our
504 4066 646 4123 translator,
658 4067 716 4117 who
733 4067 759 4118 in
778 4069 869 4118 rTim.
957 4085 995 4131 ¹4·
1027 4068 1157 4132 captiuum
1176 4067 1505 4134 muml=concaptiuum5

289 4168 313 4199 v.
331 4171 347 4213 4
366 4165 421 4200 uses
439 4156 530 4214 nepotes
546 4149 585 4198 lor
600 4147 698 4210 ἔκγονα,
714 4165 794 4200 seems
810 4151 869 4202 here
922 4165 964 4199 see
983 4156 1042 4200 text.
1076 4150 1234 4214 conligatum
1252 4150 1504 4210 oblatratorum

289 4241 316 4281 to
334 4232 398 4282 have
412 4230 546 4295 employed
561 4231 604 4280 the
619 4231 688 4280 word
703 4232 729 4281 in
744 4232 786 4282 the
798 4249 869 4283 sense
922 4227 997 4294 αυτῷ.

289 4313 318 4362 ol
326 4315 425 4377 neplew
437 4312 566 4376 (“sister's
577 4311 648 4371 son,”
660 4314 690 4363 E.
704 4315 756 4376 Vl,
769 4317 868 4380 regard·
956 4315 994 4366 18.
1027 4315 1111 4363 abr'llo
1119 4314 1166 4380 qui
1171 4314 1370 4378 praedicamur,
1384 4313 1444 4378 dte]
1456 4314 1502 4365 i.e.

288 4396 332 4460 ing
348 4393 444 4458 ἀνεψιός
463 4393 671 4458 ιεεάδελφιδοῢς.
706 4397 744 4449 Of
758 4399 807 4449 this
825 4415 868 4450 use
922 4397 1071 4462 Epaphrasa
1087 4411 1128 4446 see
1143 4412 1169 4461 p.
1182 4407 1237 4458 257,
1252 4395 1268 4444 l.
1278 4409 1303 4460 9,
1315 4403 1382 4446 note.
1416 4397 1503 4454 Thdt.‚

288 4475 317 4523 ol
325 4475 422 4536 ἀνεψιός
434 4475 502 4526 there
512 4491 620 4540 appears
637 4477 712 4527 tobe
728 4479 868 4530 uncertain
921 4487 974 4530 true
992 4487 1018 4528 to
1036 4478 1075 4528 his
1092 4478 1233 4528 conviction
1252 4477 1306 4527 that
1325 4479 1350 4528 S.
1372 4479 1433 4528 Paul
1451 4495 1503 4529 was
