3340 5232
292 333 353 380 212
616 331 843 384 ruuouonus
866 331 1158 386 uorsuasrauus
1305 318 1346 403 [Ι.
1362 331 1503 400 25-27.

291 503 381 567 rcobis
404 505 452 568 ad
467 515 610 569 uestrum
621 507 802 588 profectum
826 517 858 571 et
873 507 1036 590 gaudium
1049 509 1141 593 fidei,
1161 519 1199 574 ut
1214 508 1370 592 gloriatio
1392 520 1504 572 vestra

289 607 430 672 abundet
453 608 489 670 in
516 607 645 673 Christo
669 611 744 674 lesu
771 611 807 674 in
836 633 887 676 me
906 622 970 694 per
992 635 1098 678 meum
1118 614 1294 678 aduentum
1316 613 1433 678 iterum
1456 611 1508 676 ad

290 729 355 771 uos.

357 835 427 898 ‘sed
458 834 541 900 haec
566 837 702 919 quidem
730 839 912 904 secundum
937 860 1048 905 meum
1072 841 1228 906 affectum
1251 841 1381 906 locutus
1403 859 1500 918 sum;

260 939 361 1025 5scio
383 949 496 1002 autem
526 941 684 1023 quoniam
708 957 764 1005 ero
788 944 822 1006 in
846 944 908 1007 hac
932 947 1009 1022 uita,
1038 947 1085 1009 ita
1110 955 1158 1010 ut
1172 956 1206 1010 et
1229 947 1271 1010 ad
1296 967 1355 1010 uos
1379 947 1500 1010 iterum

293 1039 434 1117 ueniam,
462 1051 496 1105 et
520 1042 704 1124 profectum
731 1065 829 1108 suum
853 1047 887 1108 in
915 1046 981 1109 fide
1003 1049 1104 1110 etiam
1128 1046 1185 1111 illa
1207 1069 1293 1130 quae
1315 1047 1499 1110 secundum

293 1161 353 1204 uos
376 1152 454 1206 sunt
472 1142 626 1221 habeant,
642 1147 800 1211 adiuncta
823 1147 919 1210 uobis
939 1148 1153 1212 multitudine
1174 1151 1308 1232 copiosa
1330 1169 1417 1230 quae
1440 1168 1501 1230 per

292 1261 347 1306 me
362 1242 405 1306 ad
422 1243 523 1310 fidem
539 1246 729 1322 deducetur,
747 1249 794 1311 ita
810 1257 847 1312 ut
862 1258 895 1312 et
910 1251 1106 1332 ampliorem
1128 1248 1270 1313 habeam
1289 1251 1499 1314 occasionem

291 1343 456 1426 gloriandi
482 1349 525 1413 de
548 1351 644 1414 uobis
666 1352 849 1415 secundum
878 1352 1068 1417 Christum?
1113 1374 1192 1417 nam
1217 1365 1360 1418 uestrum
1384 1354 1499 1417 dicens

241 1470 279 1518 10
292 1468 358 1511 non
385 1450 429 1513 ad
457 1451 592 1534 plenum
620 1452 663 1516 de
688 1473 831 1536 persona
855 1454 1116 1539 Philippensium
1143 1458 1232 1534 dicit,
1259 1459 1317 1522 sed
1345 1465 1383 1520 ut
1408 1457 1500 1520 dicat

291 1554 366 1618 illos
381 1557 437 1639 qui
454 1577 604 1639 pereum
620 1558 686 1620 sint
707 1558 862 1622 credituri
883 1579 928 1622 ex
947 1561 1125 1642 gentibus;
1148 1581 1193 1624 ex
1209 1560 1341 1624 illorum
1356 1580 1500 1642 persona

291 1656 374 1722 illud
389 1661 511 1738 dicens,
527 1661 622 1743 quasi
637 1661 716 1742 quia
731 1669 765 1723 et
781 1662 844 1742 ipsi
859 1662 906 1725 sic
921 1664 1140 1728 crediderunt.

356 1805 484 1860 tantum
499 1796 595 1880 digne
609 1797 771 1880 mangelio
788 1796 914 1863 Christi
925 1800 1169 1880 conuersamini.

355 1923 433 1988 hinc
470 1924 585 2007 incipit
617 1925 660 1988 de
693 1925 870 1988 concordia
907 1935 941 1989 et
984 1926 1173 1993 humilitate
1211 1927 1276 1992 illis
1318 1929 1499 2010 disputare,

239 2045 273 2112 15
291 2025 415 2090 docens
441 2047 506 2103 eos,
532 2047 598 2089 non
619 2026 662 2090 de
685 2027 829 2109 primatu
853 2037 1051 2093 concertare.
1096 2029 1195 2093 ualde
1221 2039 1333 2094 autem
1357 2029 1431 2093 illos
1453 2031 1498 2093 ad

291 2127 525 2215 uerecundiam
548 2129 670 2192 inuitat
693 2130 785 2194 dicto
808 2129 864 2193 illo
887 2152 955 2213 quo
974 2131 1070 2210 dixit,
1087 2131 1135 2196 ita
1158 2143 1196 2221 ut
1215 2131 1312 2214 dz'gne
1333 2131 1500 2214 euangelio

292 2225 419 2294 Chresti
437 2230 690 2305 conuerscmini;
720 2231 747 2294 si
770 2233 872 2315 igitur
893 2232 956 2296 hoc
978 2234 1108 2316 quaerit
1129 2233 1173 2297 ab
1196 2233 1269 2310 illis,
1294 2243 1332 2296 ut
1357 2233 1499 2316 promis-

291 2331 383 2394 sione
413 2353 474 2396 sua
499 2341 724 2402 consentanea
749 2345 862 2418 agant.
916 2337 968 2400 cui
998 2337 1194 2401 demiranda
1224 2337 1367 2402 adiectio
1396 2358 1499 2422 quam

290 2434 433 2498 adiecit:
951 2449 957 2454 “

236 2613 278 2660 20
355 2590 393 2644 ut
407 2579 477 2644 siue
495 2579 625 2645 ueniens
644 2591 677 2645 et
697 2582 812 2647 uidens
832 2603 897 2659 uos,
911 2583 980 2646 siue
999 2582 1112 2647 absum
1130 2584 1263 2650 audiero
1282 2585 1342 2649 illa
1361 2587 1502 2668 quaeda

290 2682 379 2746 uobis
391 2693 478 2747 saint.

354 2822 433 2886 licet
455 2841 610 2905 praesens
631 2822 682 2900 sit,
699 2821 776 2886 licet
796 2822 925 2900 absens,
943 2823 1094 2888 similiter
1112 2822 1274 2888 sollicitus
1293 2835 1344 2889 est
1364 2827 1407 2890 de
1422 2827 1499 2906 illis,

342 3039 356 3090 5
373 3025 451 3076 uitam
463 3025 586 3090 (fwuos)
601 3025 663 3076 CH
668 3042 698 3077 r:
715 3041 751 3075 see
761 3032 817 3075 note
881 3041 907 3075 11
927 3026 1029 3076 suntH
1096 3040 1124 3076 la
1142 3024 1163 3075 si
1178 3025 1329 3091 (sorsicic
1394 3039 1422 3090 17
1440 3042 1499 3078 con·

290 3107 423 3157 uersamini
437 3107 499 3158 CH
503 3123 519 3153 r
532 3104 536 3172 Ι
550 3107 586 3157 sic
597 3109 606 3167 (
607 3107 656 3170 sor
665 3107 696 3169 si)
708 3108 742 3156 H
750 3104 754 3171 1
769 3106 934 3172 promissione
949 3109 1003 3156 sine
1022 3106 1057 3157 C'
1070 3124 1086 3156 r
1132 3123 1213 3172 prom.
1233 3107 1282 3156 sibi
1299 3107 1321 3156 C
1339 3107 1414 3169 (cora)
1431 3109 1500 3174 [pro-

291 3188 402 3238 missioni
413 3203 473 3238 suae
482 3189 546 3254 corrj.
558 3187 660 3253 Jacoir]
760 3189 789 3237 18
806 3187 876 3238 cuius
891 3189 913 3238 C
921 3203 938 3237 r
1035 3203 1066 3238 ιο
1082 3195 1108 3238 et
1119 3187 1224 3252 (forat)
1239 3189 1263 3238 C
1271 3188 1347 3252 (cm)

326 3380 350 3430 5.
372 3370 409 3418 ad
427 3385 471 3419 uos
492 3369 594 3432 mm]
622 3370 671 3420 See
690 3385 730 3420 w.
749 3369 776 3421 il.
814 3369 870 3420 The
920 3385 961 3419 vv.
977 3371 1019 3427 li.;
1036 3369 1075 3420 for
1091 3386 1106 3420 a
1123 3369 1217 3420 similar
1233 3369 1402 3420 construction
1418 3384 1501 3434 seep.

292 3449 396 3516 reading
406 3449 434 3500 oi
443 3451 485 3500 the
492 3450 570 3502 MSS.
582 3466 662 3501 seems
673 3458 700 3501 to
708 3451 773 3501 have
779 3450 871 3516 origin·
924 3469 977 3520 119,
991 3453 1009 3502 l.
1025 3468 1061 3516 14.
1091 3453 1223 3503 Promua'o
1235 3451 1411 3515 (ἐπιίγγιλιια),
1429 3453 1501 3517 ‘pro

293 3533 349 3582 ated
361 3533 388 3581 in
400 3533 442 3583 the
457 3533 590 3598 repetition
605 3533 635 3584 oi
646 3533 689 3584 the
706 3533 759 3584 first
775 3539 826 3583 two
842 3548 871 3583 or
921 3531 1031 3584 session’
1064 3533 1104 3584 ct
1119 3535 1249 3599 Ducange,
1262 3550 1283 3582 s.
1295 3549 1319 3584 v.

293 3613 363 3663 three
372 3615 458 3665 letters
469 3614 499 3665 oi
506 3615 604 3666 iterum
955 3630 995 3665 ιο.
1017 3622 1047 3666 ut
1055 3617 1108 3665 siue
1117 3617 1224 3677 mm,
1238 3615 1293 3677 δια]
1317 3613 1502 3665 Atramiation

327 3697 350 3744 8.
368 3703 397 3744 ut
407 3702 431 3745 et
441 3697 592 3760 ampliarent,
601 3696 658 3757 δια]
670 3693 747 3761 Byri
758 3697 872 3757 maxum
921 3699 1015 3764 wholly
1025 3698 1197 3764 independent
1213 3699 1243 3748 oi
1255 3697 1299 3749 the
1315 3697 1401 3762 Vuig„
1417 3696 1502 3748 which

293 3773 358 3836 ὑμῶν
373 3777 422 3826 Th.
441 3777 606 3828 understands
626 3783 683 3843 ‘my
703 3777 820 3842 beasting
838 3792 871 3827 on
921 3781 984 3831 aims
995 3788 1020 3831 at
1031 3776 1147 3846 assistian
1158 3780 1200 3830 the
1211 3779 1365 3844 intercepted
1375 3794 1504 3842 grammar

294 3871 357 3922 your
372 3856 486 3919 behaii’5
508 3858 539 3907 cf.
559 3858 661 3923 Chrys:
692 3855 804 3920 μειζόνως
822 3860 872 3921 ἔχω
921 3863 951 3913 oi
958 3864 1001 3914 the
1012 3863 1127 3928 original.
1159 3862 1198 3912 ef.
1215 3863 1280 3927 Aug.
1291 3861 1368 3922 (cited
1379 3862 1413 3925 by
1422 3861 1504 3912 Saba·

295 3944 434 4004 καυχᾶσθαι
450 3939 514 4002 ὑμῶν
529 3941 669 3994 ἐπιδόντων.
923 3947 992 4006 tieri:
1003 3947 1053 3995 “ut
1059 3945 1112 3995 siue
1121 3944 1256 3994 adueniens
1263 3952 1288 3994 et
1296 3943 1386 3993 uidens
1395 3959 1440 3992 uos
1448 3943 1503 3994 siue

330 4037 368 4085 ¹4·
391 4021 620 4087 hincincrpit,&c.]
639 4024 871 4091 Ci.supra.p.197‚
922 4025 1012 4075 absens
1031 4023 1158 4075 audiam.”
1198 4023 1310 4073 Audr'ero
1325 4030 1442 4089 suppons
1458 4024 1503 4074 the

294 4102 312 4151 l.
328 4115 350 4159 1,
364 4107 432 4150 note.
468 4101 557 4152 Thon:
575 4101 649 4153 οὕτως
665 4105 698 4153 τὰ
717 4101 771 4153 καθ’
789 4105 874 4152 ἑαυτὸν
923 4107 1025 4172 reading
1037 4108 1276 4172 drououasagainst
1289 4108 1375 4156 ἀκούω.
1405 4105 1448 4156 On
1458 4107 1504 4158 the

295 4184 479 4246 διηγησάμενοι,
492 4185 527 4235 eis
540 4188 680 4247 παραίνεσιν
690 4187 821 4249 μεταφέρει
831 4185 874 4235 τὸν
922 4187 996 4235 other
1006 4185 1073 4234 hand
1085 4185 1127 4235 the
1138 4193 1238 4250 present
1249 4183 1392 4250 participles
1402 4185 1505 4234 remim

295 4267 378 4330 λόγον.
923 4267 972 4316 and
984 4267 1071 4315 uidem
1084 4281 1126 4316 are
1142 4265 1238 4329 loosely
1253 4265 1316 4314 used
1331 4271 1359 4314 to
1375 4271 1504 4328 represent

331 4362 370 4412 17.
392 4347 417 4397 si
427 4347 672 4414 r'gr'tur]=siquidem
685 4347 720 4413 (ιὶ
727 4347 767 4413 γε)
777 4351 789 4399 i
923 4350 966 4398 the
977 4364 1078 4398 aon-a
1087 4348 1200 4414 frequent
1209 4347 1316 4397 blemish
1326 4347 1351 4395 in
1363 4346 1412 4396 this
1423 4354 1503 4398 trans·

324 4427 485 4493 promissione
500 4443 545 4477 sua
561 4437 728 4489 constratam,
747 4429 806 4492 dic]
829 4428 868 4482 Cl'.
922 4431 1009 4479 lation.
