3332 5210
171 408 195 472 1.
219 426 242 486 t,
263 409 303 492 2.]
578 422 619 472 ru
645 423 696 472 m.
716 423 771 472 nn
795 422 980 473 EPHEstos.
1316 423 1376 490 119

236 589 362 658 Christi
384 603 497 657 autem
527 591 717 676 apostolum
748 593 894 677 seipsum
925 593 995 656 iure
1025 591 1226 675 pronuntiat,
1259 599 1376 674 utpote

168 689 260 754 illam
283 693 470 757 bonitatem
492 714 579 776 quae
606 716 651 758 ex
676 695 823 759 aduentu
852 693 974 760 Christi
1000 694 1129 758 accedit
1155 694 1274 758 docere
1300 691 1376 755 illos

169 797 399 879 praesentibus
422 797 647 880 adproperans
667 798 806 881 scriptis
849 794 1002 877 †adiecit
1017 807 1138 872 autem,
1152 806 1215 878 per
1228 796 1376 859 uolunta-

169 911 232 964 tem
258 901 330 984 Dei,
361 899 459 963 simul
490 911 691 965 connectens
721 911 906 984 utrumque,
938 902 985 964 ita
1018 911 1055 965 ut
1085 899 1166 964 nihil
1197 900 1374 962 discretum

170 1021 278 1084 neque
301 1002 439 1065 scissum
463 1022 535 1065 esse
556 1003 708 1065 uideatur
727 1002 770 1066 ab
786 1002 851 1066 illis
866 1022 952 1086 quae
969 1002 1032 1066 Dei
1049 1011 1127 1066 sunt
1142 1001 1274 1064 illorum
1291 1020 1377 1082 quae
1414 1017 1429 1084 5

169 1121 228 1183 per
250 1101 419 1166 Christum
439 1101 557 1166 effecta
577 1115 675 1183 sunt3
702 1103 800 1167 simul
819 1099 931 1168 autem
949 1114 983 1167 et
1002 1102 1210 1186 apostolatus
1226 1101 1275 1164 sui
1292 1119 1376 1182 opus

170 1206 392 1268 necessarium
413 1206 476 1269 sibi
497 1206 644 1289 undique
666 1207 821 1272 ostendit.
866 1217 1095 1270 uerumtamen
1111 1205 1270 1288 quoniam
1286 1191 1376 1267 com-

170 1309 367 1391 pendiosam
392 1309 631 1392 praefationem
658 1309 841 1374 litterarum
863 1308 979 1373 secisse
1002 1305 1153 1373 uidetur*
1174 1309 1221 1391 (et
1240 1306 1376 1391 quidem

170 1429 247 1471 cum
279 1410 311 1473 in
342 1409 457 1474 multis
482 1409 632 1494 epistolis
657 1412 896 1494 consequentia
919 1431 1053 1474 suorum
1079 1411 1276 1492 scriptorum
1303 1409 1377 1490 ipso

171 1514 368 1594 'argumento
398 1513 509 1595 aliqua
535 1515 736 1578 interiecisse
762 1515 914 1578 uideatur
939 1534 1016 1577 cum
1042 1513 1247 1596 praefatione
1274 1513 1376 1594 scrip·
1394 1525 1434 1573 10

170 1627 272 1692 turae,
289 1615 336 1679 ita
351 1625 389 1680 ut
404 1637 448 1680 ex
464 1616 527 1681 hoc
544 1638 643 1700 saepe
664 1615 877 1700 prolongaret
896 1615 1244 1699 praefationem—hoc
1265 1625 1377 1678 autem
1420 1611 1422 1614 ’

171 1719 293 1784 uiderit
317 1721 392 1802 quis
418 1721 452 1783 in
473 1720 622 1803 epistolis
644 1741 728 1805 quas
749 1720 802 1783 uel
824 1721 866 1784 ad
887 1720 1068 1796 Romanos,
1094 1718 1146 1783 uel
1171 1718 1214 1781 ad
1240 1717 1377 1781 Galatas

172 1823 322 1886 maxime
345 1823 579 1907 scripsit-sed
602 1823 667 1887 hoc
693 1825 727 1887 in
750 1821 824 1886 loco
845 1824 1082 1907 compendiose
1106 1830 1298 1905 prosecutus
1314 1821 1377 1902 est)

170 1922 442 2010 †consequenter
465 1938 499 1990 et
524 1925 588 1992 hoc
611 1927 838 2010 propositione
861 1946 996 1990 suorum
1023 1927 1147 1991 faciens
1171 1922 1378 1989 uerborum*

172 2051 335 2094 memores
359 2032 452 2095 enim·
475 2051 589 2095 sumus
615 2040 650 2095 et
674 2031 708 2095 in
734 2039 931 2113 argumento
958 2031 1031 2112 ipso
1057 2029 1191 2105 dixisse,
1219 2028 1376 2110 quoniam
1396 2036 1431 2103 15

172 2127 406 2214 †prop0situm
419 2131 521 2195 habet
540 2132 704 2196 aduentus
721 2131 843 2196 Christi
860 2131 1037 2195 utilitatem
1055 2130 1116 2193 sub
1133 2131 1241 2212 specie
1256 2130 1377 2211 gratia-

172 2256 246 2299 rum
277 2235 417 2300 actionis
447 2236 683 2319 compendiose
709 2236 838 2314 dicere;
874 2254 940 2298 non
972 2234 1056 2298 sicut
1087 2234 1120 2296 in
1151 2232 1207 2295 illa
1237 2229 1379 2314 epistola

172 2359 274 2422 quam
294 2340 335 2402 ad
356 2338 529 2402 Romanos
552 2339 691 2422 scripsit,
714 2359 816 2422 quam
835 2346 869 2401 et
892 2355 968 2401 cum
990 2336 1096 2400 multa
1114 2336 1219 2399 edidit
1239 2334 1378 2411 cautela,

172 2443 436 2508 aduersariorum
456 2442 553 2506 simul
571 2443 750 2507 retundens
765 2435 1000 2505 obiectiones.*
1046 2459 1284 2503 consummans
1300 2459 1379 2501 uero

239 2647 440 2731 προσέθηκεν
456 2645 489 2713 δὲ
504 2648 542 2714 τὸ
556 2649 604 2715 tui
622 2653 795 2715 θελήματος
818 2650 899 2726 θεοῨ,
915 2645 995 2730 δμον
1015 2673 1052 2713 τε
1074 2645 1214 2714 συνδέων
1236 2643 1319 2712 αὐτὰ
1340 2643 1381 2716 ὥς
1396 2653 1438 2700 20

174 2745 272 2829 μηδὲν
287 2745 509 2837 διακεκρίσθαι
523 2749 603 2830 μηδὲ
622 2748 840 2816 ἀπεσπάσθαι
860 2747 963 2816 δοκεῖν
985 2753 1043 2815 τοῦ
1064 2749 1138 2816 θεοῦ
1159 2753 1225 2815 τῶν
1247 2747 1300 2813 διὰ
1322 2749 1380 2814 τοῦ

175 2854 326 2938 Χριστοῦ
350 2853 539 2936 γενομένων·
563 2851 645 2933 δμον
667 2851 701 2918 δὲ
723 2852 778 2918 καὶ
801 2852 839 2919 τὸ
865 2854 922 2934 τῆς
946 2850 1140 2934 ἀποστολῆς
1163 2852 1261 2938 ἔργον
1284 2851 1381 2933 ἄναγ-

175 2954 346 3022 καιότατον
361 2957 464 3046 ἑαυτῷ
478 2956 686 3045 πανταχόθεν
701 2955 831 3026 δεικνύς·
847 2953 937 3036 πλήν
951 2980 989 3038 ιγι
1008 2953 1047 3037 δὴ
1068 2954 1121 3020 ὅτι
1141 2954 1301 3038 σύντομον
1323 2957 1382 3036 τὴν

174 3056 370 3147 προγραφὴν
384 3058 569 3142 ἐποιήσατο,
580 3058 798 3140 καταλλήλας
812 3057 867 3126 καὶ
881 3062 976 3126 τοῦτο
988 3085 1027 3144 τῃ
1042 3057 1197 3147 προθέσει
1212 3063 1270 3124 τοῦ
1285 3058 1384 3142 λόγον

175 3166 286 3229 ποιῶν.
1397 3166 1436 3233 25

240 3263 408 3352 πρόκειται
430 3264 493 3352 ιγὰρ
516 3263 605 3353 αὐτῷ
627 3268 684 3346 τῆς
707 3268 764 3331 τοῦ
786 3267 935 3353 Χριστοῦ
958 3264 1139 3351 παρουσίας
1160 3261 1198 3330 τὸ
1220 3263 1383 3352 ὠφέλιμον

176 3367 279 3435 εἰπεῖν
293 3369 327 3436 ἐν
342 3367 551 3456 εὐχαριστίας
562 3369 636 3436 εἴδει
651 3369 826 3451 συντόμως,
837 3368 900 3458 οῦχ
915 3368 959 3440 οἷς
973 3371 1028 3436 ἐπὶ
1042 3373 1099 3452 τῆς
1113 3367 1193 3454 πρὸς
1207 3367 1384 3454 Ῥωμαίους

177 3470 488 3560 ἐξεργαστικώτερον
503 3475 558 3538 καὶ
571 3473 655 3554 μετὰ
668 3475 725 3538 τοῦ
739 3473 821 3559 πρὸς
836 3471 909 3546 τοῦς
926 3473 1088 3544 ἐναντίους
1101 3472 1212 3558 λόγον.

226 3627 349 3677 eaccidit
367 3629 402 3678 H
537 3630 737 3695 3depropemns
757 3631 789 3680 H
923 3631 998 3696 5illa
1017 3630 1075 3697 (for
1093 3631 1201 3694 illorum)
1222 3632 1284 3682 CH:
1312 3637 1389 3696 txtg

176 3708 193 3759 6
211 3711 339 3774 apostolus
357 3711 392 3760 H
415 3726 417 3733 ·
509 3728 525 3777 9
541 3721 734 3778 consequentem
750 3716 784 3765 H
918 3715 947 3766 16
964 3717 1100 3766 aduentum
1117 3717 1151 3765 H
1271 3731 1301 3780 ²3
1320 3717 1386 3775 πλήν

176 3807 209 3853 γε
219 3793 255 3841 δεῖ
266 3793 336 3854 cod.;
362 3809 391 3843 so
402 3793 454 3856 Cn,
469 3793 576 3860 adding:
594 3797 659 3847 “sic.
674 3797 736 3846 νοεῖν
746 3804 789 3847 aut
800 3795 882 3848 simile
893 3799 997 3848 uerbum
1009 3793 1126 3848 excidit.”

214 3946 251 3982 ιο.
297 3933 444 3982 ἐπυκνοῦτο
469 3933 596 3996 uidetur]
639 3951 662 3986 e.
676 3951 701 4001 g.
729 3937 756 3986 in
806 3937 884 4002 being
894 3937 970 3989 found
983 3937 1036 3988 also
1046 3937 1072 3986 in
1085 3953 1098 3987 τ
1111 3937 1180 3996 Con,
1196 3937 1262 3996 Col,
1277 3934 1370 3986 nTim.

180 4012 253 4063 Rom.
269 4011 284 4063 i.
300 4027 373 4077 e-y,
390 4014 447 4064 Gal.
461 4014 477 4063 i.
493 4029 514 4073 t,
528 4027 601 4078 4-5.
637 4017 693 4066 The
705 4017 753 4082 Ep.
844 4032 881 4068 τι.
910 4017 1081 4083 prolongaret]
1107 4018 1149 4068 On
1161 4017 1387 4081 prolongarem·

178 4106 206 4150 to
228 4099 270 4150 the
293 4100 369 4165 Eph,
395 4117 428 4150 on
449 4101 493 4152 the
515 4102 587 4152 other
608 4102 676 4152 hand
699 4101 757 4167 (Th.
808 4101 910 4162 κρύκειν,
925 4115 966 4149 see
979 4097 1089 4158 Riinsch,
1103 4098 1178 4158 Itala,
1193 4113 1218 4162 p.
1235 4110 1286 4164 ¹97·

179 4179 263 4229 would
274 4179 327 4245 sey)
343 4181 430 4245 begins
441 4180 502 4231 with
513 4198 529 4231 e
538 4182 606 4232 briei
616 4183 757 4240 salutation,
845 4192 882 4242 17.
916 4196 967 4229 non
974 4181 1043 4236 τῖσαι,
1052 4177 1108 4238 δια]
1120 4177 1302 4242 Theprologue
1310 4184 1337 4227 to
1346 4177 1388 4228 the

179 4263 206 4312 in
223 4263 303 4313 which
327 4263 369 4314 the
386 4264 445 4328 only
461 4265 544 4314 words
559 4271 603 4314 uot
620 4264 760 4328 absolutely
811 4263 923 4311 Romans
938 4262 1037 4311 bristles
1054 4261 1113 4310 with
1132 4260 1233 4324 phrases
1249 4261 1388 4326 suggestive

176 4360 310 4410 necessary
320 4352 347 4395 to
359 4346 402 4396 the
413 4361 484 4396 sense
495 4361 536 4395 are
550 4344 632 4406 Ἰησοῦ
644 4346 758 4407 Χριστοῦ,
809 4345 839 4393 oi
851 4344 933 4408 points
944 4343 974 4392 oi
985 4343 1152 4406 controversy,
1166 4342 1248 4392 which
1259 4358 1301 4392 are
1316 4341 1389 4392 alter·

180 4428 219 4476 iul
238 4428 372 4488 θελήματος
392 4428 461 4488 ocem
484 4429 533 4478 and
551 4443 614 4478 even
632 4428 701 4477 these
718 4443 760 4477 are
810 4425 891 4474 warde
903 4424 979 4474 taken
994 4441 1028 4489 up
1043 4425 1091 4473 end
1107 4425 1217 4474 handled
1227 4432 1253 4474 at
1265 4424 1351 4489 length
1362 4425 1389 4474 in

180 4516 224 4558 not
237 4508 346 4573 pecuiiar
363 4515 390 4559 to
408 4509 451 4558 the
469 4507 579 4573 opening
594 4507 623 4558 oi
637 4507 686 4558 this
699 4509 758 4572 Ep,
811 4507 853 4556 the
874 4507 970 4570 Epistle
990 4505 1020 4570 (e
1029 4523 1052 4571 g.
1075 4509 1219 4570 εὐαγγέλιον
1238 4507 1389 4558 θεοῦ-κατα
