3292 5206
278 375 341 455 238
488 421 490 426 -
612 385 840 439 Tusouonus
864 385 1157 442 uorsus-:smnus
1252 373 1332 459 [ΙΙΙ.
1355 392 1487 454 10—14

343 565 375 621 et
387 556 701 622 communicationem
705 559 897 640 passeonum
910 559 986 635 eius,
995 558 1172 642 conformis
1173 559 1291 642 faetus
1299 559 1400 624 morti
1412 558 1488 637 eius,

241 669 244 675 '
276 659 309 723 se'
321 660 474 742 quomodo
488 681 653 726 occurram
667 661 704 726 in
718 683 790 726 eam
804 663 1064 728 resurrectionem
1079 685 1161 748 qeeae
1173 675 1222 728 est
1233 685 1273 728 ex
1286 663 1431 730 mortuis.

345 799 498 877 ‘propter
512 795 576 859 hoc
592 794 724 880 (inquit)
743 808 778 861 et
792 799 1038 863 communicare
1053 799 1264 881 passionibus
1287 799 1358 863 eius
1381 797 1488 882 cupio,

279 897 458 962 consimilis
482 899 589 963 faetus
612 899 711 964 morti
732 900 810 977 eiuS,
826 921 867 964 eo
888 901 979 983 quod
995 900 1040 964 ad
1054 901 1308 966 similitudinem
1325 901 1396 966 eius
1411 921 1489 965 con-

248 998 497 1083 5templatione
521 1003 654 1085 pietatis
678 1002 722 1066 ab
749 1002 865 1067 alienis
890 1002 935 1067 ad
959 1012 1102 1067 mortem
1128 1005 1319 1088 pertrahor3
1347 1026 1408 1089 spe
1433 1005 1490 1069 illa

278 1124 344 1186 qua
360 1104 492 1168 confido
508 1107 674 1188 particeps
692 1105 763 1169 fieri
782 1107 853 1170 eius
877 1107 1132 1186 resurrectionis,
1148 1127 1235 1191 quae
1258 1109 1360 1174 etiam
1384 1108 1489 1174 multa

279 1215 313 1271 et
329 1206 480 1272 inmensa
494 1207 623 1291 repleta
638 1218 689 1273 est
703 1207 827 1291 gloria?

344 1379 408 1422 nore
436 1358 515 1442 quia
544 1357 613 1422 iam
639 1359 816 1442 acceperim,
841 1359 993 1425 aretiam
1014 1359 1180 1444 perfeetus
1201 1360 1293 1436 sim,·
1317 1371 1492 1444 persequor

278 1471 395 1539 autem,
409 1462 441 1526 si
454 1472 486 1526 et
497 1460 757 1544 comprehendam
778 1462 815 1526 ire
833 1483 894 1544 quo
913 1472 945 1526 et
959 1461 1201 1545 eomprekemus
1220 1483 1294 1528 sum
1316 1484 1339 1527 a
1363 1461 1491 1529 Christo

229 1586 267 1635 10
279 1566 362 1632 lesu.

345 1707 385 1750 eo
401 1685 492 1770 quod
508 1685 680 1750 desursum
696 1684 743 1748 illi
759 1684 914 1768 adparuit
930 1693 965 1748 et
979 1683 1022 1748 de
1037 1683 1131 1748 coelo
1154 1683 1306 1751 Christus
1326 1704 1423 1748 suam
1444 1682 1490 1746 illi

278 1790 427 1855 ostendit
448 1788 599 1872 gloriam.
641 1788 707 1852 hoe
720 1789 830 1854 ·dicit:
852 1788 903 1852 ‘in
923 1788 1008 1852 illud
1026 1787 1117 1872 quod
1137 1789 1323 1870 perlectum
1344 1797 1397 1852 est
1416 1808 1492 1852 nec-

278 1893 362 1958 dum
378 1893 581 1968 constitutio,
598 1901 744 1974 expecto
759 1893 849 1956 enim
866 1891 952 1955 illud
975 1890 1093 1956 adhue
1145 1891 1259 1954 omnia
1274 1899 1389 1954 autem
1408 1889 1491 1954 facio

280 1998 466 2062 enitescens
481 1996 620 2079 adsequi
636 1995 927 2079 participationem
946 2014 1074 2073 eorum,
1089 1992 1124 2057 in
1147 1993 1268 2076 quibus
1290 1993 1362 2075 ipse
1385 1991 1489 2056 oculis

230 2119 265 2185 15
282 2098 364 2161 meis
380 2097 536 2182 perspexi
552 2117 624 2162 esse
637 2095 817 2173 Christum,
829 2097 965 2179 quando
981 2117 1035 2159 me
1050 2104 1305 2179 persequentem
1321 2115 1382 2178 per
1395 2115 1491 2158 suam

278 2200 518 2266 reuelationem
542 2201 759 2284 praeueniens
782 2200 816 2263 in
834 2219 929 2263 suam
945 2219 1001 2263 me
1015 2198 1241 2282 cognitionem
1257 2196 1491 2262 conuerterat.¹

282 2313 316 2368 et
331 2305 485 2368 insistens
500 2302 564 2376 illis
581 2304 678 2388 ipsis:

337 2446 477 2529 fratres,
498 2467 553 2529 ego
575 2455 690 2512 reernet
709 2445 815 2529 epsum
837 2467 899 2510 non
921 2444 1055 2512 aestimo
1075 2445 1341 2530 comprehendisse
1349 2472 1365 2524 ,·
1389 2470 1491 2514 unum

282 2560 419 2628 tantum,
437 2551 498 2614 illa
512 2550 782 2633 quaeposteriora
802 2559 881 2613 sunt
900 2550 1097 2626 obliuiscens,
1118 2551 1187 2614 illei
1210 2572 1292 2633 quae
1316 2563 1393 2616 ante
1413 2563 1490 2616 sunt

227 2681 270 2730 20
280 2654 463 2720 coertendor
471 2679 485 2730 ,·
508 2655 556 2718 ad
566 2653 763 2718 destinatum
769 2664 950 2737 persequor,
962 2653 1011 2716 ad
1022 2653 1174 2718 tranium
1188 2665 1342 2737 supernae
1355 2657 1491 2720 uocatio-

282 2759 335 2826 ne's
348 2759 415 2822 Dei
428 2758 464 2822 ἐκ
480 2756 609 2823 Christo
623 2755 708 2821 Iesu.

333 2902 589 2954 rcommunicatione
603 2901 676 2952 CH:
694 2907 760 2950 tetr
862 2899 1133 2966 4contemplationem
1145 2916 1163 2949 r
1264 2903 1325 2953 8ut
1337 2900 1494 2966 (jorauth

285 2999 314 3048 13
331 2983 479 3034 constitutus
498 2983 521 3032 C
542 2983 616 3044 (corr)
648 2982 783 3033 constituto
798 2997 816 3030 r
958 2981 987 3033 16
1004 2987 1154 3032 conuenerat
1174 2981 1197 3032 C
1213 2982 1247 3032 H
1384 2985 1414 3034 18
1431 2991 1489 3033 met.

281 3065 364 3130 ipsum
384 3063 420 3114 ί*
438 3065 561 3130 meipsum
573 3065 608 3114 H

318 3205 340 3240 ι.
386 3183 646 3246 communerationem]
692 3183 728 3234 So
762 3183 797 3245 Q.
817 3183 864 3243 L.;
911 3182 1149 3236 Eniteseere=eniti
1178 3197 1259 3233 seems
1280 3189 1307 3234 to
1329 3183 1361 3234 be
1387 3185 1492 3236 without

282 3269 369 3334 Vulg„
383 3269 523 3319 societatem.
560 3264 813 3329 Cmsermissactus:
831 3264 864 3313 si-
911 3265 1038 3331 example;
1059 3264 1092 3314 α’.
1109 3263 1226 3314 however
1243 3264 1448 3316 “multamus’'
1467 3265 1489 3332 (a

283 3351 381 3415 milarly
408 3351 477 3414 Aug.
506 3346 701 3412 (conformatus),
734 3345 861 3396 Ambrstr.
912 3348 979 3398 Tim.
993 3347 1019 3398 ii.
1036 3345 1070 3411 7).

284 3429 449 3496 (censor-mens
476 3424 539 3489 me);
572 3424 660 3488 Vulg„
687 3425 863 3491 configuratio.
948 3431 1491 3496 15.nupersequemem..prasmtm]ct

284 3511 377 3575 Comp.
396 3524 446 3558 ¹our
467 3505 615 3558 translation
638 3505 700 3555 with
721 3505 764 3555 the
787 3505 863 3570 Vulg.
912 3509 1004 3560 Thea:
1037 3506 1110 3560 niele
1136 3527 1168 3568 με
1194 3510 1310 3572 πρότερος
1336 3514 1492 3576 revehant».

283 3594 373 3654 below,
388 3608 413 3642 v.
425 3605 466 3644 eo.
498 3591 534 3642 Im
549 3605 611 3639 eam
627 3605 673 3639 res.
689 3587 864 3654 quaemc-
911 3591 1020 3657 Thpht.=
1037 3591 1419 3654 rareuuktrnedxpearlnml
1436 3595 1490 3655 oet

288 3675 350 3724 :ele
359 3675 411 3734 τὴν
422 3671 532 3734 timim.
547 3668 599 3731 τήν,
613 3671 688 3719 mh.
910 3689 988 3736 γοντα
1000 3670 1041 3723 a'r’
1051 3671 1126 3723 aienti
1134 3673 1277 3736 κατέλαβεν,
1286 3674 1491 3736 melerinum.

189 3821 191 3824 Ι
317 3769 341 3821 9.
382 3752 407 3802 si
431 3757 455 3801 et
479 3750 691 3816 comprehendam]
722 3749 779 3808 Th,
803 3747 865 3799 With
914 3755 1091 3805 Conamen:
1107 3769 1199 3804 seevv.
1211 3753 1238 3804 ΙΙ.
1275 3754 1342 3804 Both
1358 3769 1430 3805 sense
1438 3755 1490 3805 eud

285 3835 383 3900 chrys„
403 3833 481 3884 Thdt.
502 3833 552 3882 and
572 3831 615 3882 the
632 3831 705 3882 other
724 3831 775 3882 Gk.
796 3846 865 3880 oom-
910 3851 1037 3900 grammar
1047 3835 1354 3900 roquiretheoorrection.

285 3913 590 3973 menssiorsrrfflddffl
603 3913 692 3962 Ml·
948 3920 986 3968 18.
1013 3923 1098 3966 menter
1116 3915 1199 3980 speum
1218 3932 1268 3966 non
1287 3915 1397 3978 aestimo]
1437 3915 1492 3966 'lhe

320 4011 357 4048 ιι.
392 3993 533 4056 desererem]
578 3992 688 4053 Riinseh,
712 3991 790 4052 Itala,
817 4007 860 4057 pp.
912 3995 988 4045 Latin
1010 3994 1121 4044 versione
1143 3994 1191 4044 less
1212 3995 1362 4058 nccumtely,
1384 4010 1424 4044 me
1443 4010 1491 4044 non

285 4092 341 4143 233,
351 4090 407 4141 475.
441 4077 784 4128 Deursum...c0nuerterae:
797 4077 864 4127 cited
912 4077 1030 4126 arbitror.
1062 4075 1214 4126 Coextmdor
1229 4075 1251 4124 is
1268 4091 1285 4124 a
1301 4076 1363 4125 bold
1381 4077 1431 4126 and
1448 4083 1492 4126 not

285 4163 319 4226 by
331 4159 462 4218 Lanlranc,
475 4159 520 4208 but
532 4163 577 4207 not
587 4157 692 4221 exactly.
911 4157 1051 4222 altogether
1063 4156 1231 4208 unsuoeessful
1244 4165 1351 4223 attempt
1368 4165 1394 4209 to
1411 4175 1491 4225 repre·

321 4257 358 4306 ¹3·
383 4239 533 4301 constituto]
552 4239 732 4298 ἡκατάστασις.
759 4237 796 4288 Or
804 4241 863 4288 read
911 4239 1175 4298 senttremtrluam.
1213 4239 1264 4289 For
1278 4240 1322 4290 the
1338 4241 1402 4291 form
1417 4249 1490 4292 coext.

285 4323 433 4380 constitum
449 4320 518 4386 etp.
528 4335 585 4385 239,
597 4321 615 4369 l.
624 4337 646 4380 s,
658 4320 710 4370 “in
721 4319 864 4370 fruitionem
911 4334 953 4368 see
976 4320 1097 4380 Paucker,
1122 4319 1204 4383 Spe'cei.
1231 4336 1256 4385 p.
1279 4335 1319 4384 ²3·
1344 4329 1410 4374 note.
1460 4321 1490 4371 In

286 4403 422 4455 consistet
912 4417 936 4450 v.
957 4417 987 4465 ¹4
1009 4417 1055 4454 our
1076 4401 1208 4451 translator
1230 4401 1328 4452 follows
1350 4403 1392 4452 the
1416 4403 1489 4466 Vulg.

279 4531 281 4535 ,
323 4501 359 4547 ¹4·
384 4481 524 4543 enitescent]
546 4481 703 4546 Apparently
714 4481 752 4532 sor
762 4483 865 4532 enitens.
912 4485 1039 4534 uerhon'm.
