3340 5232
183 447 185 451 ,
267 366 327 430 188
596 378 825 431 ‘crisononus
848 377 1141 432 mopsuestenus
1286 365 1361 452 [VI.
1382 383 1474 450 1-7.

321 544 449 615 ¹exinde
465 551 604 616 uertitur
618 552 662 616 ad
677 551 780 617 aliurn
795 551 962 630 affectum,
977 552 1099 617 deinde
1114 561 1148 617 et
1163 553 1206 616 ad
1223 563 1397 636 parentes:

315 685 397 770 filii,
421 686 559 750 oboedite
576 689 771 769 parentibus
788 689 907 752 uestris
927 688 963 752 in
980 687 1143 763 Domin0,·
1165 687 1223 752 icoc
1237 689 1325 752 enim
1345 689 1469 753 iustum

258 798 313 853 est.

325 908 501 971 ostendere
527 929 606 973 uero
630 910 768 992 cupiens
789 909 948 991 quoniam
963 909 1006 972 de
1021 908 1073 971 his
1089 911 1191 973 etiam
1207 907 1345 990 antiqua
1360 910 1417 974 lex
1433 911 1469 974 id

218 1016 242 1094 ’5
261 1021 489 1094 praeceperat:
785 997 789 1002 ¹

324 1148 444 1211 honora
462 1148 593 1230 (inquit)
603 1159 734 1230 patrem
751 1159 843 1214 tunm
858 1160 890 1213 et
903 1160 1050 1228 matrem,
1063 1151 1150 1232 quad
1160 1161 1208 1214 est
1209 1153 1358 1233 primum
1374 1173 1468 1216 man·

256 1248 372 1328 datum
398 1249 434 1312 in
452 1250 665 1330 promissione
673 1275 688 1326 ,·
718 1262 756 1314 ut
781 1252 855 1316 bene
879 1252 941 1316 tibi
955 1253 1033 1335 fiat,
1057 1263 1089 1316 et
1111 1252 1159 1316 sis
1181 1254 1355 1336 languentes
1372 1265 1469 1336 super

258 1363 388 1417 terram.
433 1364 463 1416 et
478 1375 541 1429 ms,
549 1365 670 1436 patres,
688 1355 784 1418 nolite
799 1356 984 1420 exacerbare
996 1355 1090 1439 filios
1110 1365 1247 1435 aestr0s;
1269 1358 1329 1420 sed
1343 1359 1468 1421 nutrite

256 1474 307 1516 aas
320 1454 356 1518 in
370 1455 541 1537 disciplina
555 1467 587 1520 et
599 1457 816 1520 admonitione
830 1456 975 1522 Domini.

204 1601 245 1672 .¹0
322 1603 400 1646 narn
428 1584 517 1665 quod
544 1584 633 1660 dicit,
655 1559 751 1646 nolite
774 1584 965 1661 exacerbare,
987 1583 1052 1647 hoc
1071 1595 1130 1662 est,
1155 1585 1271 1650 ‘nolite
1295 1586 1464 1669 despicere

256 1704 364 1770 neque
388 1706 548 1767 respuere,
573 1685 631 1748 sed
652 1685 762 1748 fouete
786 1686 893 1768 magis
908 1706 974 1761 eos,
990 1697 1024 1750 et
1039 1688 1200 1750 sustinete
1215 1687 1463 1771 delinquentes!

255 1795 290 1873 et
306 1787 424 1850 iterum
441 1787 483 1850 ad
500 1786 640 1851 alterum
657 1788 776 1870 migrat
792 1788 948 1852 affectum
965 1813 972 1853 :

319 1938 415 2016 serui,
430 1937 567 2002 oboedite
581 1937 723 2002 dominis
738 1937 872 2022 (inquit)
889 1939 1061 2003 secundnm
1075 1960 1203 2003 carnem
1218 1960 1289 2002 cum
1306 1938 1419 2004 timore
1433 1951 1465 2006 et

255 2051 410 2116 tranare·
433 2041 469 2104 in
483 2039 687 2122 simplicitate
701 2041 806 2104 cardis
821 2041 928 2118 nestri,
946 2052 1113 2124 tamquam
1131 2041 1268 2108 Chresto.

202 2172 239 2243 15
320 2175 354 2228 et
380 2165 537 2246 quoniam
563 2165 723 2229 incertum
748 2176 819 2229 erat
845 2166 926 2229 illud
953 2167 1043 2248 quod
1069 2169 1202 2231 dixerat
1223 2167 1308 2231 se'cut
1327 2166 1461 2243 Christo,

256 2271 393 2333 modum
409 2289 476 2352 quo
492 2269 571 2333 illud
588 2271 720 2334 dixerat
735 2271 868 2353 pandit:

258 2385 266 2472 Ι.
320 2423 382 2466 nan
408 2403 456 2466 ad
476 2403 600 2466 oculum
618 2403 713 2480 serui,
731 2403 815 2467 sicut
834 2403 1018 2469 hominibus
1024 2404 1192 2486 placentes,
1207 2403 1266 2468 sed
1276 2403 1360 2467 sicut
1372 2405 1463 2468 serui

256 2505 388 2584 Christi,
405 2507 565 2589 facientes
587 2506 785 2570 uoluntatem
799 2506 866 2570 Dei
886 2527 925 2570 er
946 2508 1077 2582 animm
1099 2527 1171 2570 cum
1194 2507 1274 2571 bona
1297 2509 1461 2572 uoluntate

251 2611 424 2674 seruientes
437 2610 578 2674 Domina
592 2620 624 2673 et
638 2629 699 2673 non
713 2609 904 2674 haminibus.

198 2755 241 2804 20
319 2729 417 2802 ‘serui
439 2735 573 2824 (inquit)
592 2739 672 2801 estis
694 2737 826 2802 Christi.
871 2737 1028 2801 conuenit
1052 2757 1131 2820 ergo
1151 2759 1213 2802 uos
1234 2760 1312 2823 erga
1330 2748 1459 2804 uestros

252 2837 407 2906 dominos
435 2841 559 2905 bonam
580 2841 739 2904 exhibere
760 2841 978 2917 uoluntatem,
1001 2862 1041 2904 eo
1066 2843 1156 2923 quod
1177 2843 1241 2906 hoc
1261 2843 1332 2907 uult
1356 2845 1458 2920 Deus

252 2956 289 3009 ut
304 2945 451 3029 perfecto
467 2946 579 3008 animo
602 2944 813 3027 adimpleatis
829 2947 858 3008 ei
875 2945 982 3008 uicem
992 2967 1000 3023 ;
1021 2955 1058 3009 ut
1076 2948 1161 3010 serui
1184 2947 1305 3011 Christi
1324 2959 1460 3032 propter

253 3049 375 3114 Christi
399 3049 527 3113 faciatis
547 3048 665 3131 legem,
689 3049 783 3131 quasi
812 3047 945 3113 Christo
968 3049 1030 3130 ipsi
1053 3050 1117 3112 ista
1137 3051 1314 3132 implentes
1322 3073 1330 3130 ;
1354 3055 1401 3116 ita
1421 3065 1458 3116 ut

251 3153 307 3216 illa
329 3172 416 3235 quae
436 3150 527 3227 fiunt,
551 3151 625 3213 Deo
644 3160 779 3233 propter
805 3160 953 3213 uestrum
976 3159 1170 3232 reputentur
1189 3151 1379 3216 arbitrium!
1424 3163 1459 3217 et

302 3323 313 3357 1
331 3307 440 3358 alienum
454 3306 510 3373 (sor
524 3307 610 3369 alium)
626 3307 658 3355 H
764 3323 778 3357 2
797 3305 833 3355 fili
848 3307 870 3356 C
971 3318 985 3368 5
1004 3307 1158 3371 praeceperit
1177 3307 1200 3356 C
1313 3322 1329 3372 9
1346 3308 1459 3358 admoni-

250 3388 345 3438 tionem
359 3390 381 3438 C
384 3388 397 3414 ⁴
410 3389 443 3437 H
540 3403 567 3451 ¹3
586 3395 611 3436 et
622 3396 728 3437 tremore
739 3403 778 3436 ont
793 3386 831 3436 C*
934 3385 964 3437 16
980 3387 1092 3451 quodH
1189 3399 1217 3450 17
1234 3403 1286 3438 non
1303 3389 1335 3438 ad
1353 3404 1391 3438 oc.
1409 3405 1458 3439 ser·

250 3468 347 3518 trientes
361 3469 383 3517 C
393 3467 466 3532 (corr)
567 3483 596 3534 ¹9
614 3467 670 3516 Deo
683 3467 740 3532 (sor
751 3467 873 3528 Domino)
885 3467 918 3516 H

258 3585 261 3591 '
286 3599 308 3636 1·
341 3585 421 3634 aliurn
443 3582 569 3648 affectum]
602 3583 644 3634 Cf.
662 3600 701 3634 vv.
719 3583 756 3644 ll.‚
779 3584 829 3633 and
913 3585 938 3633 8.
971 3583 1164 3648 nolite...neque]
1195 3585 1330 3646 μὴ,..μηδέ.

250 3681 330 3730 seep.
345 3667 397 3726 182,
413 3665 477 3730 l.r9,
491 3671 559 3714 note.
592 3655 713 3713 Alienum
725 3663 776 3729 (see
788 3680 829 3714 vv·
916 3681 952 3729 13.
989 3666 1148 3717 dorninissec.
1163 3667 1274 3729 carnem]
1300 3669 1382 3717 τοΐςκ.
1395 3668 1458 3718 rard

251 3747 289 3808 ll.)
309 3746 390 3811 might
407 3760 495 3796 mean:
517 3745 641 3795 ‘towards
660 3745 752 3803 others.
771 3746 830 3795 who
880 3747 965 3808 adpre.
1003 3745 1036 3796 0.
1050 3747 1080 3795 L.
1092 3747 1143 3796 and
1155 3747 1242 3812 vulg„
1255 3749 1405 3804 carnalibus.

250 3846 292 3880 are
304 3837 348 3880 not
364 3845 413 3879 one
425 3829 486 3879 flesh
498 3828 607 3889 withus¹
622 3827 703 3878 asthe
714 3828 829 3878 husband
915 3844 951 3890 ¹4
988 3834 1116 3893 tanequam
1147 3829 1256 3892 Christo]
1293 3829 1325 3880 Ο.
1352 3831 1381 3882 L.
1406 3833 1456 3882 and

250 3914 271 3964 is
282 3913 343 3963 with
355 3913 397 3963 the
408 3911 482 3962 wisc-⁸
879 3908 966 3974 Vulg„
984 3910 1072 3959 “sicut
1084 3910 1216 3971 Christ0’';
1233 3927 1275 3960 see
1285 3919 1344 3961 next
1356 3911 1414 3962 line.

286 4007 308 4057 7.
340 4001 371 4043 ut
385 3993 442 4043 bene
457 3991 577 4058 abiſsai]
608 3992 665 4042 The
682 3991 758 4042 Latin
773 4007 828 4041 ver·
913 3989 950 4040 16.
987 3991 1220 4055 nortemanni]
1253 3991 1328 4042 Cited
1344 3993 1378 4058 by
1390 3993 1459 4043 Lan·

250 4080 319 4130 sions
345 4081 394 4130 less
415 4075 571 4141 accurately:
599 4081 628 4123 ut
648 4074 705 4123 bene
725 4073 772 4123 tas
795 4073 829 4122 sit
877 4071 956 4122 franc.

252 4159 380 4225 (γένητᾳι).
414 4157 576 4218 Exacerbare,
599 4156 765 4206 anmonmm
785 4171 827 4206 are
913 4171 949 4222 19.
983 4155 1113 4204 sanantes
1139 4156 1260 4218 Domino]
1306 4157 1376 4208 Tn’s
1404 4165 1457 4208 text

250 4245 304 4293 also
315 4244 342 4292 in
353 4241 404 4292 this
418 4240 490 4306 place
505 4238 616 4304 peculiar
626 4245 652 4288 to
664 4253 710 4287 our
723 4237 827 4287 transla-
878 4253 958 4287 seems
974 4245 1002 4287 to
1017 4239 1082 4287 have
1099 4238 1205 4288 omitted
1222 4239 1259 4289 ὡς.
1297 4239 1322 4288 It
1337 4239 1358 4290 is
1375 4256 1455 4306 repre·

251 4329 298 4383 tor,
320 4321 416 4386 though
437 4319 538 4384 Jerome
556 4317 593 4367 ad
609 4318 633 4368 i.
654 4318 672 4368 l.
694 4318 827 4382 suggested
878 4321 965 4370 sented
977 4320 1003 4369 in
1014 4321 1056 4369 the
1069 4320 1144 4369 Latin
1155 4321 1275 4370 versions.

251 4404 294 4455 the
305 4405 378 4455 latter
389 4400 647 4467 wordasprer'erable
658 4407 685 4450 to
696 4399 739 4450 the
750 4399 782 4451 Ο.
795 4401 825 4450 L.
910 4416 949 4451 nn.
981 4408 1083 4465 propter
1095 4401 1203 4464 Cin'sti]
1230 4401 1279 4452 See
1290 4419 1316 4468 p.
1329 4404 1368 4467 83,
1383 4403 1400 4453 i·
1414 4420 1452 4466 ro,

249 4488 401 4552 correptione.
876 4491 944 4535 note·
978 4483 1015 4535 Or
1026 4493 1132 4535 connect
1139 4486 1353 4551 propter...legem.
