3340 5232
192 394 238 462 11.
254 396 301 484 7.]
539 414 581 465 nr
605 415 657 466 er.
679 416 731 466 no
755 415 1029 468 Pfllmrrssrlssss.
1334 414 1399 482 217

189 593 344 649 euancata
368 594 417 649 est
436 605 511 669 ergo
528 587 729 670 praedicatio
752 599 871 666 nostra,
896 587 960 652 hoc
983 598 1042 669 est,
1059 588 1151 654 nulla
1171 597 1223 654 est
1245 596 1280 653 et
1301 607 1398 654 uana

190 703 269 749 nam
306 687 396 770 quod
432 687 513 752 dicit
547 689 686 770 saprum
717 690 919 774 [exinaniuit
949 691 1014 756 hoc
1043 701 1102 768 est,
1135 695 1221 755 ‘non
1250 692 1399 754 ostendit

188 789 358 874 seipsum],
375 789 516 855 sormam
531 793 621 856 enim
637 795 722 857 serui
741 795 907 877 accipiens
925 795 1125 878 dignitatem
1144 793 1235 858 illam
1259 794 1399 858 abscon-

190 893 259 972 dit;
291 893 355 958 hoc
380 895 489 960 solum
515 916 536 961 a
562 897 754 961 uidentibus
784 919 821 962 se
846 919 920 962 esse
946 899 1212 974 existimabatur,
1242 898 1332 981 quod
1363 906 1398 962 et

190 997 295 1060 uideri
331 997 493 1081 poterat*
552 999 665 1064 diuina
695 1001 784 1064 enim
822 1011 942 1065 natura
977 1003 1106 1067 cunctis
1142 1012 1213 1066 erat
1250 1001 1398 1068 occulta!
1434 1009 1450 1077 5

180 1097 333 1178 formam
363 1109 474 1164 autem
503 1102 599 1178 serui,
630 1112 668 1165 ut
697 1102 787 1166 dicat
812 1106 981 1168 ‘naturam
1009 1103 1112 1182 serui,’
1139 1103 1320 1169 humanam
1351 1106 1397 1168 sic

190 1219 313 1264 uocans
328 1211 489 1279 naturam,
505 1203 634 1267 seruilis
654 1205 742 1267 enim
764 1214 815 1269 est
835 1204 982 1270 humana
1004 1216 1142 1284 natura;
1164 1209 1249 1271 sicut
1266 1213 1301 1270 et
1316 1203 1397 1269 illud

189 1305 279 1386 quod
295 1305 383 1369 dixit
399 1305 559 1388 informa
573 1306 649 1388 Dei²
663 1308 697 1371 in
712 1307 826 1371 diuina
846 1308 927 1372 dicit
948 1319 1073 1387 natura,
1090 1309 1153 1373 hoc
1169 1317 1228 1386 est,
1246 1309 1398 1372 ‘diuinae

191 1416 329 1471 naturae
355 1409 524 1474 existens!
569 1417 603 1473 et
626 1411 785 1492 quoniam
809 1410 899 1475 dixit
913 1410 1065 1493 sormam
1094 1412 1189 1488 serui,
1221 1429 1398 1476 commune

189 1519 303 1573 autem
319 1519 391 1574 erat
405 1509 468 1574 hoc
483 1521 518 1575 et
533 1510 722 1575 hominihus
738 1521 772 1576 et
788 1513 945 1578 iumentis
961 1521 994 1576 et
1014 1514 1150 1598 angelis,
1167 1513 1293 1576 formae
1308 1512 1396 1575 enim
1415 1515 1455 1565 10

188 1635 359 1680 seruorum
376 1627 454 1680 sunt
471 1625 506 1680 et
526 1614 575 1678 illi
594 1615 759 1699 siquidem
786 1616 863 1680 facti
888 1626 974 1694 sunt,
1001 1617 1126 1681 adiecit
1146 1625 1181 1680 et
1203 1614 1285 1679 illud
1306 1613 1397 1698 quod

191 1883 295 1957 liudo,
312 1877 386 1948 ἀντὶ
403 1883 462 1946 τοῦ
476 1877 588 1946 ὀὐδὲν
605 1879 662 1946 καὶ
682 1879 820 1948 εἰκαῖον)
864 1881 906 1947 τὰ
926 1879 981 1947 οὖν
1003 1883 1114 1958 ἑογτόν
1140 1882 1308 1958 ἐκένωσεν,
1324 1879 1397 1948 α’ντὶ

190 1988 248 2052 τοῦ
276 1981 355 2050 ὀὐκ
384 1981 502 2068 ἔδειξεν
534 1981 658 2050 ἑαυτόν·
687 1985 818 2071 nopotis
844 1983 907 2071 γὰρ
935 1987 1050 2060 tollor
1080 1986 1184 2050 nauhu
1212 1982 1273 2068 τὴν
1301 1980 1398 2068 ἀξίου

190 2087 312 2168 ἐκείνην
343 2083 544 2174 ἀπέκρυψεν,
576 2091 672 2154 τοῦτο
709 2089 778 2157 τοῖς
809 2085 932 2175 ὁρῶσιν
962 2085 1045 2154 εἶναι
1075 2085 1281 2170 νομιζόμενος
1314 2084 1396 2174 ὅπερ

190 2187 358 2272 ἐφαίνετῶ
1415 2187 1450 2255 ¹5

241 2389 253 2423 r
271 2381 298 2424 ut
314 2374 397 2440 ipsum
408 2375 512 2440 sapiatis
521 2374 626 2426 eandem
638 2377 766 2426 oerltatem
776 2375 898 2427 habentes
906 2374 1036 2426 unanimes
1044 2390 1122 2426 unum
1133 2373 1258 2439 sapientes
1270 2373 1397 2438 (beseuac.

189 2459 238 2524 est)
250 2460 302 2509 add
312 2459 334 2509 C
343 2459 377 2508 H
383 2473 411 2508 r:
427 2473 467 2508 aee
479 2465 538 2508 note
693 2474 707 2507 ο
725 2458 1005 2524 exinaniuit-seipsum
1015 2473 1053 2506 om
1068 2457 1132 2507 CH
1138 2473 1155 2507 r
1166 2454 1226 2520 (per
1234 2453 1397 2519 bonavalle
1470 2497 1473 2506 .

190 2548 258 2606 txtg
354 2554 368 2601 3
385 2539 452 2589 enim
463 2555 502 2590 om
513 2554 530 2588 r
628 2549 642 2600 5
659 2539 743 2588 uidere
757 2538 791 2588 C*
888 2553 900 2602 7
918 2547 1021 2589 uocatus
1036 2539 1057 2588 C
1088 2553 1163 2587 uooas
1173 2533 1219 2586 H·
1232 2536 1351 2598 [humana
1362 2536 1398 2587 sic

190 2631 293 2672 uocatur
304 2627 392 2670 natura
403 2619 429 2682 r]
526 2619 542 2667 8
558 2618 585 2668 in
597 2618 622 2668 d.
635 2635 660 2668 n.
672 2619 734 2668 dicit
745 2634 761 2667 r

190 2801 231 2834 xv.
246 2801 274 2844 τι
288 2779 384 2845 (κενόν).
418 2781 506 2832 Before
518 2781 562 2830 the
572 2781 664 2831 second
681 2788 770 2846 quota-
820 2781 950 2846 Pelagius:
981 2781 1074 2847 “quod
1097 2788 1149 2830 erat
1170 2779 1310 2830 humilitate
1332 2781 1398 2831 cela·

191 2865 244 2914 tion
254 2862 317 2913 both
334 2877 380 2912 our
396 2862 473 2912 MSS.
490 2861 541 2910 and
559 2860 677 2910 &banus
692 2861 769 2910 insert
819 2861 880 2912 uit.”

191 2953 246 3011 part
263 2944 292 2994 ol'
306 2943 371 2993 Phil.
389 2943 415 2991 ii.
434 2957 497 2992 a-a
510 2957 579 2991 verse
590 2941 690 3004 already
701 2956 769 2990 com·
851 2942 875 2994 6.
895 2942 1282 3008 formum...utdicatmturam]
1304 2942 1397 3007 Comp.

191 3027 292 3079 mented
314 3042 390 3092 upon,
411 3026 462 3075 and
483 3024 574 3088 utterly
592 3023 723 3074 irrelevant
743 3030 770 3074 to
820 3023 891 3075 Th.’s
902 3040 992 3075 comm.
1007 3041 1040 3074 on
1058 3025 1131 3074 Rom
1144 3023 1231 3072 ihoo:
1248 3021 1399 3085 μόρφωσιν

191 3113 234 3162 the
256 3117 346 3160 matter
363 3109 389 3158 ln
406 3108 482 3159 hund.
530 3104 596 3157 Prol'.
616 3105 705 3170 Jacobi
724 3105 770 3155 has
819 3105 889 3167 λέγει
904 3106 933 3152 οὐ
948 3108 993 3165 τὴν
1010 3103 1172 3164 τροτύτιοσιν,
1192 3098 1247 3150 ἀλλ’
1263 3101 1338 3162 αὐτὴν
1353 3103 1398 3162 τήν

192 3198 284 3264 rightly
296 3191 428 3258 expunged
445 3191 487 3240 the
504 3189 585 3239 words
602 3205 629 3239 as
645 3205 679 3238 an
695 3188 769 3238 inter-
821 3185 954 3237 ὑπόστασιν
965 3187 1006 3234 nul
1016 3181 1061 3243 τὴν
1070 3185 1160 3247 γνῶσιν
1170 3185 1209 3232 aral
1218 3179 1396 3244 τήνᾰλήθειον·

191 3276 313 3342 polation.
331 3269 452 3335 although
471 3270 490 3320 it
509 3269 530 3320 ls
547 3277 591 3319 not
608 3285 666 3334 easy
683 3276 709 3318 to
729 3284 769 3318 ac·
820 3265 851 3314 r'ur
872 3267 901 3314 rh
922 3267 952 3316 ta
977 3265 1006 3314 b
1032 3259 1130 3326 μορφῇ
1159 3262 1226 3312 θεοῦ
1251 3263 1393 3326 ὑπάρχων.

191 3357 267 3410 count
275 3357 312 3408 lor
320 3355 385 3407 their
393 3368 539 3404 occurrence
549 3351 575 3400 in
586 3351 620 3400 all
629 3349 768 3401 ourautho·
820 3345 917 3411 chrys„
933 3346 1038 3411 arguing
1053 3345 1150 3410 against
1168 3345 1211 3395 the
1227 3345 1396 3403 Marcionites.

191 3441 266 3491 rities.
305 3438 329 3487 It
347 3437 398 3486 will
414 3435 446 3484 be
462 3431 584 3484 observed
601 3433 654 3482 that
673 3432 708 3493 (r)
726 3431 769 3480 the
819 3429 876 3478 who
887 3426 1249 3492 adducedS.Johnx1'1i.4,sq.
1261 3424 1396 3492 (cl.Pelag.

190 3524 288 3574 version
306 3521 327 3571 is
343 3517 461 3571 identical
477 3516 538 3566 with
555 3531 601 3565 our
617 3512 769 3564 translator's
818 3509 893 3560 adh.
916 3506 943 3571 I.)
964 3523 991 3557 as
1009 3523 1043 3557 an
1060 3508 1172 3558 instance
1189 3507 1218 3557 ol
1235 3506 1288 3558 Our
1308 3508 1397 3558 lord's

193 3605 304 3672 (supralr
322 3604 357 3665 (ο)
378 3601 441 3651 Rab.
458 3599 533 3649 omits
549 3597 592 3647 the
608 3611 678 3646 verse
695 3596 720 3644 in
737 3596 769 3646 its
819 3592 972 3656 assumption
984 3591 1013 3640 ol
1025 3590 1067 3640 the
1084 3591 1202 3640 servant's
1218 3590 1289 3652 lorm,
1309 3607 1396 3656 urges:

191 3703 283 3754 proper
299 3685 378 3751 place.
415 3683 446 3731 In
460 3682 500 3731 his
515 3695 588 3745 copy,
604 3693 633 3727 or
649 3678 680 3727 its
695 3677 768 3742 origi·
819 3671 872 3722 ἀλλ’
891 3677 933 3722 οὐκ
952 3674 1019 3722 ἔστιν
1038 3673 1111 3723 τοῦτο
1126 3671 1208 3735 μορφὴ
1226 3673 1319 3734 δούλου,
1340 3671 1396 3722 ἀλλ’

192 3766 241 3826 nal,
262 3765 304 3816 the
320 3763 403 3814 words
419 3761 470 3811 had
487 3760 540 3811 first
558 3760 622 3809 been
642 3759 716 3822 dropt
735 3759 769 3823 by
820 3759 891 3819 ἔργον
912 3755 1134 3816 δούλου...οῠδαμοῢ
1155 3757 1180 3806 δὲ
1201 3757 1227 3805 ἐν
1253 3756 1286 3818 τῇ
1312 3755 1398 3819 γραφῇ

192 3848 235 3898 the
246 3847 333 3905 scribe.
347 3845 398 3894 and
414 3845 472 3894 then
490 3843 598 3892 inserted
613 3841 701 3907 hythe
716 3857 769 3891 cor·
819 3836 902 3901 μορφὴ
924 3837 978 3887 ἀντὶ
1000 3840 1072 3900 ἔργον
1093 3839 1193 3900 εἴρηται·
1218 3840 1282 3887 πολι)
1300 3835 1350 3902 γὰρ
1368 3841 1397 3888 rh

192 3935 273 3977 rector
283 3928 309 3975 ln
321 3925 363 3975 the
378 3923 475 3988 margin
490 3929 516 3972 at
533 3922 574 3973 the
586 3937 673 3986 wrong
687 3921 767 3986 point.
819 3921 901 3980 μέσον·
924 3919 957 3969 τὸ
974 3919 1026 3978 μὲν
1044 3915 1101 3980 γὰρ
1123 3919 1235 3980 φύσεώς
1255 3921 1347 3981 ἐστιν,
1367 3917 1398 3969 τὸ

193 4007 247 4059 Οιιτ
264 4007 342 4058 Mss.
361 4013 445 4071 repeat
463 4004 506 4055 the
525 4019 593 4054 error
612 4003 642 4054 ol
656 4005 699 4054 the
717 4019 769 4053 cor·
820 4004 846 4050 δὲ
857 4003 983 4064 ἐνεργείας.
1021 4001 1071 4050 For
1082 4016 1097 4050 a
1108 4001 1149 4050 list
1161 4002 1190 4051 of
1199 4001 1271 4052 other
1286 4010 1397 4052 contem·

192 4098 273 4142 rector
284 4090 366 4139 alone.
401 4089 449 4138 See
461 4085 641 4136 Introduction.
820 4100 910 4150 porary
931 4085 981 4134 and
1003 4084 1091 4135 earlier
1113 4093 1255 4150 supportem
1277 4086 1306 4135 ol
1327 4085 1398 4136 Th.'s

226 4189 248 4236 3.
284 4166 579 4236 dignatatem...poterat]
631 4167 705 4217 Cited
736 4167 770 4231 by
820 4167 936 4216 viewsee
950 4167 988 4216 Dr
1000 4166 1137 4230 Lightloot,
1151 4166 1254 4232 Phap
1273 4181 1326 4230 131,
1339 4176 1398 4219 note

191 4253 325 4311 lanfranc,
347 4249 408 4300 with
430 4249 472 4299 the
494 4251 593 4298 curlous
614 4263 682 4297 error
701 4248 770 4310 [mis-
824 4263 854 4310 r;
891 4263 984 4311 among
1011 4246 1073 4297 later
1101 4248 1152 4298 Gk.
1182 4249 1320 4314 expositors
1346 4250 1398 4300 add

192 4335 287 4402 printi]
299 4334 329 4384 ol'
335 4331 490 4382 audientibus
500 4330 720 4380 loramlientibus.
820 4332 927 4398 Thphm
955 4333 981 4382 ἐν
1003 4331 1086 4393 μορφῇ
1107 4333 1157 4394 γὰρ
1178 4329 1240 4389 θεοῦ,
1263 4334 1396 4392 τουτέστιν,

224 4417 367 4483 dignitatem
395 4414 467 4463 illam
494 4411 627 4474 abscondit]
681 4411 768 4461 Thdte
821 4408 1040 4474 οὐσίᾳ...μορφῆν,
1054 4409 1108 4471 ἤτοι
1124 4407 1175 4472 τὴν
1191 4413 1278 4474 φύσιν
1293 4413 1336 4461 τοῦ
1347 4416 1398 4463 δού-

193 4501 237 4562 τὴν
255 4497 324 4561 ἀξίαν
340 4497 503 4559 κατακρύψας.
540 4492 580 4543 Cf.
599 4493 649 4544 Gk.
666 4492 766 4557 (infra).
819 4493 963 4556 λουλιιβών.
