3342 5224
208 305 421 388 111.11‚12.]
613 317 653 366 1u
677 318 729 368 ΕΡ.
753 319 803 368 no
827 319 1004 370 onustus.
1369 321 1407 381 41

222 555 225 561 ,
271 496 403 552 tantum
430 497 543 552 autem
559 489 666 559 ,abest
694 499 730 554 ut
755 509 871 553 omnes
897 501 1017 574 gentes
1042 491 1289 555 communicare
1310 489 1356 553 illi
1377 489 1410 552 in

207 592 471 658 benedictionem
498 615 558 677 per
582 615 684 678 opera
707 593 789 678 legis
817 595 954 678 possint.
981 604 1017 659 ut
1042 604 1076 659 et
1099 595 1162 678 ipsi
1181 595 1237 677 qui
1256 593 1317 656 sub
1338 591 1412 674 lege

205 704 292 772 sunt,
314 694 389 780 [sub
411 695 591 760 maledicto
607 697 681 761 sint.
714 696 761 782 et]
782 718 802 762 a
822 697 1057 762 maledictione
1078 697 1217 762 liberum
1239 717 1311 760 esse
1331 695 1412 759 dicit

206 796 299 859 illum
325 797 441 880 quiin
468 797 622 861 omnibus
647 808 829 881 permanet,
858 808 893 864 et
919 801 1032 864 omnia
1061 820 1194 884 semper
1216 818 1292 863 cum
1319 797 1410 861 omni

206 897 323 982 implet
358 899 508 978 cautela;
541 899 605 964 hoc
630 909 743 964 autem
769 901 961 985 inpossibile
987 911 1038 967 est
1067 901 1234 964 humanae
1264 907 1410 963 naturae.
1449 898 1463 964 5

206 1022 273 1066 non
288 1023 426 1084 peccare
442 1005 530 1068 enim
546 1024 607 1066 nos
624 1002 715 1066 nullo
740 1004 842 1067 modo
864 1003 1023 1086 possibile
1044 1012 1102 1068 est.
1148 1005 1262 1086 itaque
1280 999 1409 1065 etiamsi

205 1105 325 1187 aliquis
345 1105 378 1168 in
399 1105 473 1189 lege
491 1106 715 1182 benedicatur,
738 1115 854 1170 contra
876 1107 957 1190 legis
978 1107 1013 1171 id
1036 1107 1074 1171 fit
1095 1107 1274 1184 decretum,
1298 1106 1411 1170 diuina

204 1207 313 1288 gratia
337 1206 420 1291 legis
441 1208 668 1272 definitionem
691 1209 853 1273 uincente.
898 1209 1019 1274 deinde
1042 1230 1087 1272 ex
1108 1211 1270 1292 scriptura
1291 1209 1410 1271 iterum

205 1311 316 1376 firmat
337 1311 393 1375 illa
409 1332 495 1395 quae
517 1313 700 1378 secundum
729 1311 830 1377 fidem
854 1321 940 1390 sunt,
963 1312 1174 1396 intercipiens
1197 1311 1255 1376 illa
1275 1331 1361 1393 quae
1377 1310 1410 1372 in

204 1415 280 1499 lege
294 1424 392 1480 sunt:
1430 1421 1468 1469 10

270 1584 422 1667 quoniam
445 1593 553 1648 autem
576 1585 612 1648 in
635 1584 700 1668 lege
723 1605 814 1649 nono
837 1584 1038 1668 iustificatur
1059 1582 1150 1667 apud
1163 1582 1280 1657 Deum,
1305 1579 1411 1644 mani·

194 1685 325 1769 festum
341 1699 391 1752 est
397 1712 413 1764 ,·
433 1689 587 1771 quoniam
604 1689 730 1753 ‘iustus
742 1710 781 1753 ex
785 1688 858 1774 fide
872 1689 976 1753 uiuit!

271 1840 408 1904 euidens
423 1850 473 1904 est
488 1843 671 1905 sententia:
695 1843 780 1905 ‘non
797 1840 931 1905 aliunde
951 1841 1074 1905 iustum
1089 1860 1294 1923 quemquam
1313 1859 1411 1922 posse

204 1945 328 2022 uiuere,
356 1952 391 2008 et
421 1952 459 2007 ut
487 1954 697 2010 aeternorum
730 1945 917 2011 mercedem
948 1946 1204 2029 promissionum
1238 1944 1411 2026 adquirere

204 2055 327 2130 posset,
344 2047 405 2110 nisi
421 2048 530 2111 solum
546 2049 573 2112 si
595 2048 770 2133 perfidem
787 2051 935 2132 potiatur
955 2050 1036 2113 ista!
1075 2059 1108 2113 et
1124 2049 1295 2113 confidens
1311 2049 1412 2113 firmi·
1431 2058 1465 2124 15

203 2159 276 2214 tate
291 2151 536 2233 probationum,
559 2153 708 2216 ostendit
733 2155 892 2235 quoniam
915 2153 1122 2238 intercipitur
1141 2152 1224 2219 illud
1249 2154 1340 2237 quod
1367 2175 1411 2217 ex

202 2257 278 2342 lege
294 2265 345 2322 est
362 2256 406 2321 ab
422 2255 479 2319 illo
495 2255 586 2339 quod
603 2277 647 2320 ex
664 2257 730 2321 fide
747 2265 817 2322 est:

267 2431 321 2495 lar
333 2440 442 2494 autem
457 2449 521 2494 non
535 2439 583 2493 est
596 2429 736 2514 arfide,·
757 2431 817 2494 sed
827 2433 886 2514 qui
890 2431 1012 2515 fecerit
1024 2453 1070 2511 ea,
1087 2433 1178 2496 uiuet
1191 2432 1226 2496 in
1240 2432 1294 2496 eis.

270 2579 378 2644 multa
392 2588 505 2643 autem
522 2588 572 2644 est
588 2582 812 2645 contrarietas.
845 2583 901 2646 lex
923 2584 1011 2647 enirn
1031 2592 1121 2647 recta
1137 2603 1238 2666 opera
1254 2582 1409 2664 exquirit,

204 2690 237 2747 et
249 2681 344 2745 illum
361 2682 417 2765 qui
434 2681 621 2764 impleuerit
643 2683 721 2758 eius,
738 2683 771 2746 id
793 2692 851 2760 est,
869 2685 951 2767 legis
968 2685 1146 2762 decretum,
1162 2684 1252 2748 hunc
1271 2683 1410 2766 adsequi
1425 2697 1467 2744 20

204 2784 370 2865 promittit
393 2783 467 2848 illas
490 2785 683 2863 mercedes;
705 2808 791 2869 quae
814 2786 938 2850 exinde
960 2787 1135 2869 promittit,
1152 2788 1231 2869 quia
1253 2783 1335 2849 nihil
1357 2805 1411 2849 ac·

204 2897 378 2970 cepturum
391 2887 483 2963 dicit,
499 2888 527 2950 si
543 2908 610 2952 non
626 2890 778 2972 primitus
799 2889 855 2953 illa
873 2897 961 2954 recte
982 2890 1177 2974 expedierit.
1223 2889 1280 2973 qui
1296 2898 1410 2953 autem

204 3011 248 3054 ex
274 2991 340 3055 fide
359 2992 532 3075 potiturus
559 2999 610 3056 est
633 2995 747 3070 uitam,
766 2992 979 3057 manifestum
1003 3001 1054 3058 est
1075 2993 1204 3057 nonde
1229 3013 1291 3055 sua
1308 2991 1411 3056 direc-

203 3095 296 3160 tione
322 3117 420 3181 posse
435 3097 564 3179 adquiri
580 3117 655 3161 eam
671 3116 679 3174 ;
712 3098 771 3161 sed
797 3099 840 3162 de
858 3097 971 3161 diuina
990 3097 1099 3180 gratia
1117 3095 1238 3160 debere
1254 3115 1331 3159 eum
1351 3117 1411 3158 ex-

203 3210 338 3284 pectare
367 3201 518 3265 salutern.
563 3210 658 3265 erant
681 3202 770 3265 enim
794 3202 907 3265 omnia
931 3201 1088 3265 firmitate
1110 3201 1181 3264 eius
1204 3198 1410 3283 probationis
1425 3213 1463 3278 25

204 3308 342 3384 munita,
359 3327 400 3370 eo
414 3304 506 3389 quod
521 3306 613 3369 omni
629 3327 673 3369 ex
689 3314 784 3389 parte
801 3305 1043 3369 ualidissimum
1059 3303 1138 3367 fidei
1149 3302 1272 3367 struxit
1287 3321 1411 3365 sermo-

204 3428 281 3472 nem
295 3429 303 3487 ;
327 3408 483 3490 equidem
500 3417 534 3471 et
550 3407 733 3472 secundum
749 3407 1035 3489 comparationem
1051 3406 1235 3470 excludens
1251 3403 1309 3468 illa
1324 3424 1411 3487 quae

203 3511 287 3596 legis
310 3520 413 3589 erant,
435 3521 469 3575 et
484 3510 574 3594 quod
598 3510 791 3594 inpossibile
811 3511 854 3574 sit
874 3509 997 3573 exinde
1020 3511 1189 3593 percipere
1205 3507 1410 3572 iustificatio-

203 3635 289 3678 nem.
313 3635 358 3678 ex
368 3613 552 3678 abundanti
562 3622 674 3677 autem
688 3613 774 3677 ultra
786 3613 961 3677 ostendere
972 3621 1118 3697 temptat
1130 3612 1333 3698 superfluum
1345 3615 1410 3680 illis

254 3807 265 3841 1
278 3789 355 3840 habet
366 3789 425 3855 (sor
434 3790 513 3851 abest)
528 3790 593 3839 CH
694 3805 708 3839 α
720 3789 893 3840 benedictione
903 3789 937 3839 H
945 3789 1019 3850 (corr)
1034 3787 1037 3853 Ι
1053 3797 1077 3839 et
1089 3788 1136 3854 ipsi
1148 3804 1247 3854 quoque
1258 3789 1301 3854 qui
1313 3791 1362 3850 (om
1372 3792 1410 3851 ut)

202 3873 237 3922 H
249 3873 324 3933 (corr)
433 3873 511 3936 gsub
528 3871 585 3920 mal.
603 3871 653 3920 sint
668 3877 693 3920 et
710 3887 749 3919 om
768 3869 807 3920 C*
819 3868 866 3934 ΙΙΙ
881 3871 948 3920 dicat
965 3871 1071 3932 C(c0rr)
1185 3868 1291 3919 6nobis
1305 3870 1410 3932 Clcorr)

204 3954 219 4002 8
235 3955 335 4003 uincere
352 3953 386 4002 H
497 3966 524 4014 ¹5
544 3967 594 4001 non
615 3951 667 4016 (bes
679 3953 773 4016 posset)
791 3951 843 4000 add
859 3952 893 4000 H
907 3951 980 4012 (cm)
1089 3947 1118 4000 16
1134 3949 1307 4016 probationem
1325 3951 1347 3999 C
1362 3949 1410 3998 H*

206 4032 541 4100 17legemc1i11udcfl
602 4032 1003 4096 coelusdem(s0reiusi.e.)H
1092 4031 1409 4097 arquaelforquialffl

203 4115 236 4166 26
252 4117 363 4167 munitae
381 4116 466 4166 C*H
566 4117 597 4165 28
614 4130 644 4165 eo
663 4115 719 4180 (sor
734 4118 769 4176 et)
786 4117 820 4164 H
833 4116 908 4176 (corr)
1015 4127 1046 4180 ²9
1063 4129 1094 4164 ex
1111 4113 1136 4162 in
1153 4111 1349 4163 habundantio
1380 4128 1411 4162 ex

204 4196 230 4246 in
245 4196 418 4248 habundantia
438 4195 473 4245 H
511 4211 543 4245 ex
558 4195 616 4246 hab.
629 4195 664 4244 H
671 4196 745 4258 (corr)

253 4348 291 4399 η.
322 4334 441 4401 equidm]
464 4334 618 4401 Frequently
629 4336 690 4386 used
701 4334 762 4384 with
781 4335 824 4384 the
842 4335 907 4384 third
925 4348 1015 4398 person
1034 4332 1060 4382 in
1078 4333 1127 4382 this
1144 4331 1255 4390 version3
1274 4331 1305 4382 cs.
1320 4329 1410 4379 Hilde-

204 4415 292 4478 brand‚
306 4417 382 4482 Apul.
395 4419 412 4466 i.
425 4433 449 4481 p.
468 4432 505 4466 ιτ.
