3292 5206
149 389 195 454 11.
218 387 368 476 19—21.]
500 401 542 454 ru
567 401 619 452 so.
642 400 694 452 ιιι)
717 399 989 454 sururrruusus.
1291 401 1354 468 227

211 577 356 662 †‘uobis
371 576 522 644 sollicitis
538 577 580 642 de
595 577 717 642 uirtute
738 575 961 640 existentibus
981 574 1129 660 gratulor
1148 585 1183 640 et
1203 575 1274 660 ipse
1295 597 1354 659 spe

147 677 212 756 illa,
236 701 303 762 qua
329 682 416 746 etin
435 681 546 745 futuro
565 678 699 744 saeculo
718 699 794 742 sum
816 678 858 742 de
878 678 973 743 uobis
994 679 1225 758 exultaturus;
1247 679 1354 743 sciens

147 781 227 863 quia
251 802 318 844 non
344 803 430 845 uane
453 802 515 865 pro
541 781 608 846 fide
629 779 788 857 laboraui‚
810 782 869 844 sed
891 781 978 845 iusta
999 782 1128 846 ratione
1147 782 1262 846 omnia
1283 802 1356 846 sus·

148 881 248 957 tineo,
272 881 350 946 licet
373 903 434 966 pro
461 883 557 948 uobis
583 883 685 947 etiam
708 893 850 946 mortem
872 883 984 948 subire
1005 884 1069 948 sim
1093 893 1238 967 paratus,
1260 884 1356 949 uobis

148 984 243 1064 quasi
270 982 405 1067 aliquod
430 983 627 1049 sacrificium
651 983 752 1050 fidem
783 994 926 1049 uestram
955 986 1031 1050 Deo
1054 985 1277 1061 offerentibus,
1303 1005 1387 1070 me5

150 1094 262 1149 autem
275 1086 318 1150 ad
335 1089 439 1150 instar
453 1085 620 1151 libationis
636 1087 806 1170 proprium
822 1088 1019 1170 sanguinem
1034 1087 1129 1152 uobis
1145 1087 1358 1152 infundente?

149 1189 236 1254 bene
251 1199 362 1254 autem
379 1192 486 1256 dixit:
508 1192 564 1255 hoc
578 1191 683 1274 iorum
697 1202 729 1255 et
742 1212 800 1254 uos
811 1190 941 1272 sorite,·
964 1190 1045 1255 ‘hoc
1059 1200 1094 1255 et
1108 1191 1232 1255 iustum
1248 1200 1307 1268 est,
1323 1201 1358 1256 et

149 1311 218 1367 uos,
242 1312 286 1356 ex
309 1293 429 1378 quibus
451 1292 558 1376 agitis
578 1303 615 1357 ut
637 1293 716 1357 socii
740 1293 928 1376 adpareatis
948 1293 1062 1376 gaudii
1085 1292 1193 1358 mei’*
1236 1291 1358 1357 deinde

149 1395 291 1462 adiecit:

213 1561 301 1633 spero
326 1559 434 1614 autem
461 1549 497 1612 in
523 1547 652 1612 domino
684 1548 759 1612 Iesu
794 1548 995 1612 Timotheum
1024 1549 1086 1613 cito
1111 1547 1238 1614 mittere
1259 1550 1356 1628 uobis,
1376 1573 1414 1619 10

149 1659 189 1714 ut
204 1671 260 1734 ego
279 1651 356 1717 bono
374 1650 485 1716 animo
500 1651 573 1728 sim,
589 1671 771 1733 cognoscem
790 1671 872 1732 quoe
891 1651 977 1714 circo
996 1671 1053 1714 uos
1070 1661 1155 1717 sunt.
1200 1653 1358 1716 nerninem

149 1753 236 1818 enim
257 1754 353 1819 habeo
374 1755 604 1836 aequanimam,
625 1754 683 1836 qui
704 1754 829 1818 sincera
849 1755 1012 1836 affictione
1035 1755 1075 1820 de
1096 1756 1185 1821 uobis
1205 1757 1360 1823 sollicitus

149 1857 202 1924 sit.
246 1877 354 1922 omnes
367 1858 453 1921 enim
468 1878 548 1939 quae
561 1879 623 1920 sua
633 1867 716 1920 sunt
729 1867 895 1939 quaerunt,
912 1878 974 1921 non
989 1879 1070 1940 quoe
1083 1860 1157 1923 Iesu
1175 1857 1306 1925 Christi.

218 1999 393 2083 ‘quoniam
416 2020 513 2082 spero
544 1998 678 2084 (inquit)
701 2001 769 2064 cito
791 2001 923 2065 mittere
945 2000 1042 2065 uobis
1064 2001 1289 2078 Timotheum,
1312 2003 1360 2065 ita

151 2108 190 2164 ut
205 2103 312 2184 magis
328 2101 418 2166 bono
436 2102 549 2166 animo
569 2105 641 2178 sim,
658 2101 826 2185 perillum
843 2101 1033 2168 cautissime
1052 2103 1147 2168 uobis
1170 2105 1359 2181 instructis;
1377 2127 1412 2194 15

151 2203 298 2286 eoquod
317 2223 425 2288 neque
439 2203 549 2268 habeo
564 2204 668 2268 alium
689 2205 736 2269 sic
752 2205 945 2270 unanimem
961 2214 995 2270 et
1013 2205 1183 2272 affectiose
1202 2207 1245 2270 de
1264 2205 1360 2270 uobis

151 2302 339 2382 sollicitum,
355 2307 510 2372 omnibus
525 2305 582 2370 illa
597 2307 885 2373 considerantibus
905 2329 992 2392 quae
1013 2329 1074 2374 sua
1094 2308 1189 2375 sunt'
1234 2311 1359 2376 indicat

214 2551 317 2635 ‘diluis
330 2553 571 2637 ἐπιμελομένων
586 2552 705 2643 α’ρετῆς
717 2553 880 2626 salaritiis
893 2553 1004 2621 ἐλπίδι
1016 2554 1151 2642 [χαίρω]
1167 2557 1226 2621 τοῦ
1237 2553 1292 2622 καὶ
1304 2554 1359 2620 ἐπὶ

152 2660 210 2721 τοῦ
224 2653 407 2739 μέλλοντος
423 2656 541 2727 aicium
561 2656 612 2743 ἐφ’
629 2655 706 2741 ὑμῖν
720 2656 1017 2745 εὐφρανθήσεσθαι,
1032 2655 1121 2728 εἰδὼς
1135 2655 1186 2724 ’ὅτι
1201 2655 1238 2722 οὕ
1253 2655 1361 2740 μάτην

150 2755 235 2843 ὑπὲρ
249 2756 340 2839 ὑμῶν
359 2757 529 2836 ἐκοπίασα,
545 2757 637 2824 ἀλλὰ
651 2758 708 2825 καὶ
722 2758 852 2832 εἰιιότως
865 2757 998 2824 ἅπαντα
1013 2757 1162 2841 ὑπομένω
1185 2756 1247 2825 κᾶν
1261 2757 1291 2824 ei
1304 2757 1361 2825 τὸν
1374 2785 1417 2834 20

151 2860 234 2947 ὑπὲρ
262 2861 353 2946 ὑμῶν
382 2861 515 2944 ἑλοίμων
545 2862 693 2929 θάνατον·
722 2861 811 2945 ὑμῶν
832 2862 893 2947 μὲν
919 2861 1033 2946 ὥσπερ
1057 2861 1131 2928 τινὰ
1153 2863 1272 2929 θυσίαν
1301 2859 1361 2942 τὴν

151 2965 266 3032 πίστιν
281 2966 327 3052 τῷ
346 2964 408 3050 θεῷ
429 2963 719 3052 προσκομιζὸντων,
736 2967 816 3046 ἐμοῦ
837 2965 873 3030 δὲ
895 2964 989 3046 δίκην
1008 2963 1155 3046 σπονδῆς
1173 2962 1361 3052 ἐπιχέοντες

151 3065 227 3149 ὑμῖν
248 3065 286 3133 τὸ
307 3065 424 3135 οἰκεῖον
449 3067 550 3150 αἷμα]
594 3070 703 3140 καλῶς
726 3067 761 3134 δὲ
790 3071 827 3134 τό
856 3070 879 3136 l’
910 3068 985 3146 ιγ’τό
1017 3067 1062 3134 καὶ
1088 3066 1176 3144 Ῠιιεῖο
1199 3065 1272 3133 ἀντὶ
1293 3070 1361 3134 τοῦ·

151 3169 295 3236 ’δίκαιον
313 3169 370 3237 καὶ
389 3169 472 3252 ὑμᾶς
491 3168 531 3236 δι’
555 3167 599 3237 ὦν
618 3170 780 3256 πράττετε
795 3169 1022 3241 solummundo
1036 3195 1093 3253 μοι
1108 3167 1283 3257 φαίνεσθαι
1304 3172 1362 3251 τῆς

152 3275 275 3360 χαρᾶς]
1376 3301 1394 3347 2
1400 3297 1414 3365 3

201 3447 216 3484 ι
233 3432 373 3484 seculorum
387 3433 445 3498 (sor
454 3449 519 3484 saec.
533 3435 598 3495 sum)
614 3433 650 3485 c*
752 3450 779 3486 rr
801 3449 865 3500 quae
885 3435 951 3485 circs
965 3451 1012 3485 uos
1027 3441 1086 3486 sunt
1101 3433 1227 3485 neminem
1244 3433 1311 3484 enim
1323 3450 1362 3484 om

154 3515 190 3567 C*
202 3517 237 3567 H
332 3533 359 3567 ιι
377 3525 429 3567 tam
443 3515 496 3582 (les
504 3513 571 3582 aeq.)
582 3517 636 3566 add
646 3517 668 3566 C
678 3518 752 3579 (corr)
845 3531 873 3580 15
890 3517 1024 3567 instructus
1035 3517 1070 3567 H
1164 3515 1194 3566 16
1209 3515 1362 3566 unianimem

152 3600 187 3650 H
281 3601 310 3651 18
327 3599 365 3650 ὖτι
381 3601 424 3650 οὐκ
440 3601 473 3650 eis
488 3600 556 3649 κενόν
573 3605 648 3661 φησιν
659 3600 768 3662 ἔδραμον
787 3599 841 3648 οὐδὲ
858 3601 891 3649 εἰς
906 3599 973 3649 κενὸν
987 3599 1116 3648 ἐκοπίασα·
1133 3596 1198 3657 ὑμῶν
1212 3597 1262 3660 γάρ
1278 3602 1361 3660 φησιν,

151 3685 227 3734 surh.
239 3683 297 3733 cod.

152 3835 274 3902 although
293 3837 314 3886 it
333 3836 403 3902 gives
421 3837 572 3902 congaudere
592 3837 619 3886 in
640 3853 650 3886 1
671 3837 730 3888 Cor.
782 3837 899 3896 προσήκει
921 3837 948 3886 ol
970 3836 1010 3884 sal
1033 3835 1092 3896 νμᾶι
1114 3836 1230 3885 κοινωνεῖν
1253 3851 1294 3894 μοι
1321 3833 1365 3896 τῆς

152 3917 205 3974 xii,
217 3917 268 3966 xiii.
303 3915 345 3968 On
358 3917 429 3967 these
446 3923 497 3966 two
513 3932 596 3968 seuses
612 3916 642 3966 os
655 3933 729 3979 συγχ,
784 3921 938 3980 εὐφροσύνην.
973 3918 1065 3983 Comp.
1079 3933 1099 3968 c
1113 3917 1130 3968 i.
1146 3917 1278 3981 7(Vulg.).

127 4061 131 4070 Ι
152 4015 193 4050 see
211 3999 249 4050 Dr
266 4000 395 4064 Lightsoot
411 4000 448 4050 ad
459 4001 484 4050 Ιι.
501 4001 539 4060 1.,·
555 4000 605 4050 end
622 4000 661 4050 lor
676 4017 731 4050 con·
819 4017 856 4051 rr.
881 4001 1030 4066 cognoscens]
1051 4003 1137 4063 γνούιε
1155 3999 1242 4064 Vulg„
1255 4001 1363 4065 cognitis.

148 4083 256 4148 garrdere
267 4083 297 4132 ci.
314 4083 423 4144 Rdnsch,
437 4084 514 4142 Itala,
525 4100 551 4149 p.
566 4082 620 4134 186.
783 4084 963 4148 Aequanimem
975 4082 1017 4148 (cf.
1027 4083 1068 4134 De
1076 4083 1129 4141 Vh,
1137 4081 1199 4146 nv.)
1207 4084 1364 4146 εἰσόψυχον.

188 4181 210 4215 ι.
237 4164 366 4230 gratulor]
385 4166 578 4230 “congratulatus
589 4163 727 4230 myseli”=
784 4164 871 4229 Vulg„
884 4167 1030 4216 unanimem
1046 4162 1156 4227 (uniam,
1168 4163 1233 4214 Cod.
1246 4162 1361 4228 umiae).

152 4247 231 4311 χαίρω
254 4246 305 4311 (see
326 4245 375 4296 last
397 4248 475 4306 note).
522 4247 579 4297 The
605 4247 664 4296 verb
686 4247 732 4296 hos
785 4248 811 4297 T
809 4263 850 4296 am
869 4249 920 4309 (see
937 4263 977 4295 vv.
990 4247 1030 4308 ll.)
1047 4246 1069 4296 is
1086 4246 1150 4296 from
1161 4246 1204 4296 the
1215 4245 1293 4312 Vulg.
1326 4248 1367 4296 De

151 4333 226 4397 dropt
238 4338 282 4381 out
293 4329 323 4381 os
336 4330 378 4380 the
389 4335 486 4380 celena.
520 4329 573 4380 For
584 4330 728 4394 mandor:
783 4328 1032 4391 ιισθιὶιετιρὶθμιῖνε
1048 4329 1156 4393 soAug.

153 4417 240 4477 “grat
256 4409 450 4476 me”seelexx.
820 4408 856 4459 τό.
881 4408 1005 4474 affectuose]
1039 4409 1077 4459 Cs.
1090 4425 1116 4474 p.
1131 4425 1187 4472 204,
1199 4408 1217 4458 l.
1234 4423 1270 4472 17,
1285 4417 1351 4462 note.

186 4496 208 4544 8.
251 4500 281 4542 ut
301 4493 359 4542 socii
379 4491 527 4556 adparens,
548 4490 606 4553 &cl
642 4491 731 4541 Thon:

1177 4605 1277 4671 15-2
