3332 5210
285 397 329 472 46
617 409 844 466 innononus
869 413 1160 465 nonsunsranus
1348 397 1425 481 [ΙΙΙ.
1447 399 1493 462 18.

291 581 459 646 Christum
472 584 536 648 hoc
552 587 648 649 nobls
660 587 866 669 adquisitum
882 595 940 663 est,
952 588 985 648 in
997 605 1099 668 quem
1115 585 1288 648 credentes
1303 585 1493 666 accepimus
1515 657 1517 662 ¹

290 683 460 768 Spiritum.
514 696 549 751 et
575 688 666 752 illam
693 689 952 753 familiaritatem
977 708 1063 770 quae
1089 687 1132 750 ad
1158 685 1333 750 Abraham
1361 695 1411 749 est
1434 704 1495 767 per

288 786 389 851 fidem
406 791 603 873 accepimus
619 793 847 876 promissionis
862 792 1130 855 benedictionem
1147 791 1376 874 adsequentes.
1408 789 1493 854 uidit

288 893 523 975 scripturarum
555 917 638 959 uoce
660 896 743 959 illud
766 895 857 978 quod
880 897 978 959 rebus
1001 893 1082 977 ipsis
1105 895 1237 978 probari
1260 903 1401 978 poterat,
1424 891 1493 956 tale

257 990 414 1075 saliquid
444 995 568 1073 dicens,
590 999 750 1080 quoniam
782 1001 857 1071 ‘†et
881 996 1002 1060 semini
1024 997 1094 1060 eius
1119 997 1272 1061 absolute
1297 997 1434 1072 dictum,
1459 996 1492 1057 in

290 1094 422 1160 Christo
437 1096 605 1162 uerissime
621 1100 808 1164 inuenimus
824 1100 1007 1184 impletum.
1051 1100 1106 1165 hic
1121 1100 1209 1165 enim
1225 1121 1340 1165 semen
1356 1101 1492 1185 quidem

288 1206 339 1261 est
366 1201 437 1263 eius
465 1201 650 1265 secundum
673 1210 840 1281 naturam,
866 1203 964 1268 sicuti
987 1211 1021 1267 et
1044 1203 1144 1267 ceteri
1167 1204 1224 1285 qui
1247 1203 1410 1286 originem
1433 1222 1493 1264 ex·

289 1301 367 1366 inde
392 1303 538 1368 trahunt.
582 1304 750 1368 credimus
779 1313 894 1370 autem
926 1305 959 1369 in
991 1325 1078 1382 eum,
1108 1306 1231 1370 deinde
1255 1315 1289 1370 et
1315 1304 1491 1370 Abraham

288 1412 417 1484 patrem
440 1406 537 1470 nobis
559 1406 800 1484 adscribimus;
832 1415 866 1470 et
888 1407 935 1471 sic
957 1407 1197 1476 benedictionis
1223 1408 1492 1472 communionem

237 1507 510 1590 roadsequimur.
556 1512 670 1594 itaque
700 1512 791 1595 quod
822 1511 949 1575 dictum
979 1520 1030 1576 est
1053 1511 1150 1593 quasi
1178 1511 1214 1575 in
1243 1532 1355 1588 unum,
1381 1520 1494 1595 potest

290 1629 369 1672 uero
393 1618 428 1673 et
451 1612 484 1675 in
506 1613 677 1676 communi
699 1613 797 1696 quasi
821 1612 857 1676 in
878 1613 993 1678 multis
1014 1614 1171 1698 intellegi,
1195 1634 1235 1678 eo
1261 1613 1352 1697 quod
1378 1635 1492 1678 semen

288 1717 359 1780 eius
379 1726 457 1781 sunt
478 1738 595 1781 omnes
614 1727 740 1801 gentes,
758 1719 814 1801 qui
836 1719 959 1782 exinde
977 1718 1138 1802 originem
1161 1718 1306 1794 trahunt,
1322 1719 1357 1782 in
1381 1718 1492 1784 Chris·

288 1828 361 1882 tum
377 1821 547 1885 uerissime
563 1841 608 1883 ex
624 1821 705 1904 ipsis
720 1821 819 1884 rebus
835 1820 1010 1902 impletum
1027 1841 1099 1884 esse
1114 1819 1340 1884 inuenimusll*

353 1921 418 1986 hoc
434 1931 467 1986 et
483 1923 620 2006 quidem
637 1943 697 1987 nos
713 1943 773 2007 pro
790 1925 907 1988 maiori
930 1922 1061 1987 cautela
1077 1924 1275 1987 notauimus.
1320 1921 1493 2006 apostolus

237 2037 272 2102 15
290 2045 377 2102 uero,
401 2046 442 2088 eo
468 2025 559 2108 quod
583 2046 644 2108 per
668 2028 781 2091 omnia
805 2027 888 2091 haec
912 2028 1014 2092 fidem
1038 2028 1257 2104 confirmauit,
1280 2026 1355 2110 lege
1378 2027 1491 2101 eiecta,

289 2135 323 2189 et
345 2126 535 2191 euidentem
558 2129 757 2192 sententiam
785 2128 945 2213 protulit;
978 2130 1137 2212 quoniam
1162 2138 1197 2193 et
1223 2129 1417 2212 inpossibile
1441 2135 1492 2191 est

288 2229 370 2293 illud
387 2232 587 2314 promissum
609 2233 684 2308 Dei,
700 2232 792 2314 quod
813 2232 857 2296 ad
879 2233 1056 2297 Abraham
1079 2233 1205 2297 sactum
1226 2242 1325 2312 est‚a
1346 2231 1420 2314 lege
1435 2230 1492 2294 illa

287 2332 382 2411 solui,
399 2354 485 2417 quae
504 2345 582 2418 post
600 2344 695 2400 tanto
717 2336 829 2400 delata
844 2346 894 2401 est
915 2344 1074 2420 tempore.
1120 2335 1212 2399 illam
1232 2344 1345 2400 autem
1362 2333 1410 2418 (id
1432 2342 1492 2408 est,

288 2436 399 2516 fidem,
424 2437 478 2500 uel
502 2437 716 2522 promissum)
744 2449 857 2504 tenere
881 2448 916 2503 et
938 2459 1019 2522 erga
1041 2460 1102 2503 nos
1133 2441 1257 2504 iustum
1287 2448 1358 2517 est3
1392 2438 1493 2522 siqui-

233 2555 276 2601 20
288 2537 366 2602 dem
392 2559 460 2603 non
483 2549 534 2604 est
557 2540 614 2603 lex
637 2540 774 2606 domina
796 2541 925 2607 soluere
948 2541 1013 2618 illa,
1036 2563 1077 2606 eo
1106 2544 1197 2626 quod
1224 2553 1259 2608 et
1287 2542 1393 2606 multo
1417 2560 1493 2625 pos-

287 2641 389 2705 terior
403 2642 447 2704 ab
463 2641 528 2706 illis
545 2663 617 2707 esse
633 2644 808 2708 inuenitur.

352 2747 466 2829 itaque
491 2755 528 2810 ut
552 2768 595 2811 ne
619 2745 676 2810 lex
703 2748 869 2830 superflua
894 2747 995 2811 luisse
1020 2747 1276 2825 existimaretur,
1296 2755 1355 2811 aut
1379 2747 1492 2830 inepte

287 2856 321 2912 et
347 2870 433 2913 uane
457 2850 559 2914 luisse
587 2851 852 2928 subintroducta,
879 2851 966 2915 bene
990 2850 1113 2914 obiecit
1139 2850 1213 2927 sibi,
1240 2850 1333 2932 quod
1355 2852 1399 2914 ab
1419 2850 1493 2916 aliis

286 2951 350 3019 sibi
375 2955 462 3018 obici
485 2964 637 3038 poterat;
661 2965 694 3020 et
715 2955 816 3019 soluit
839 2953 930 3030 illud,
947 2953 1039 3037 quod
1060 2954 1209 3017 maxime
1235 2953 1493 3036 ambiguitatem

233 3074 251 3120 2
257 3072 271 3138 5
288 3056 395 3122 lacere
411 3057 608 3123 uidebatur:

352 3253 389 3318 τὸ
422 3252 458 3319 δὲ
487 3257 533 3340 τῷ
568 3255 714 3341 οπὲριιιτι
748 3257 842 3332 aito?
875 3253 1041 3342 εἰρημένον
1073 3253 1173 3326 ούτως
1203 3255 1317 3326 άπλῶς
1350 3254 1494 3342 εὑρίσκο-

286 3383 345 3438 μεν
366 3356 421 3423 ἐπὶ
434 3360 494 3424 τοῦ
507 3361 647 3444 χριστοῦ
666 3356 811 3445 ἀκριβῶς
830 3356 1063 3446 πληρούμενον·
1090 3357 1181 3429 οὗτος
1200 3359 1264 3446 γάρ
1283 3357 1417 3443 σπέρμα
1435 3357 1495 3440 μὲν

287 3459 388 3526 αι’τοΰ
402 3458 487 3526 κατὰ
501 3458 611 3547 φύσιν,
628 3458 670 3532 ὥς
694 3459 825 3527 οὖνκαὶ
846 3460 878 3527 οἱ
895 3460 1008 3529 λοιποὶ
1030 3460 1062 3527 οἱ
1079 3463 1116 3527 τὸ
1138 3461 1229 3544 γένος
1253 3461 1371 3527 ἐκεῖθεν
1395 3459 1493 3526 κατά-

286 3555 407 3647 ιγοντες.Ι
450 3563 645 3648 πιστεύομεν
668 3563 702 3630 δὲ
732 3561 783 3630 ἐπ’
808 3563 912 3643 αὐτὸν,
937 3563 1007 3631 εἶτα
1027 3563 1083 3631 καὶ
1107 3563 1163 3631 τὸν
1186 3561 1344 3648 Ἀβραάμ
1368 3560 1495 3649 πατέρα

234 3688 276 3750 30
288 3665 533 3753 ἐπνγραφάμεθα
548 3666 604 3734 καὶ
618 3665 717 3738 ούτως
732 3669 790 3749 τῆς
804 3665 952 3751 εύλοηίας
966 3667 1024 3750 τὴν
1038 3667 1205 3734 κοινωνίαν
1220 3664 1386 3755 δεχόμεθα.
1410 3663 1495 3732 ὥστε

288 3769 325 3836 τὸ
339 3769 504 3857 εἰρημένον
519 3773 564 3837 ὡς
585 3772 637 3850 ἐφ’
655 3773 738 3848 ἑκότ,
752 3768 924 3853 δυνάμενον
944 3770 979 3837 δὲ
997 3769 1080 3838 κατά
1099 3773 1206 3836 κοινοῦ
1226 3773 1271 3835 (bc
1291 3769 1340 3835 ἐπὶ
1361 3773 1493 3837 πολλῶκ

289 3871 439 3952 νοεῖσθαι,
466 3875 512 3961 τῷ
538 3871 670 3960 σπέρμα
697 3871 798 3939 αὐτοῦ
827 3871 908 3939 εἶναι
937 3872 1062 3943 πάντας
1090 3871 1164 3942 τούς
1190 3871 1312 3938 ἐκεῖθεν
1340 3870 1378 3936 τὸ
1406 3871 1495 3956 Ιηὲνος

288 3976 500 4061 κατάγοντας,
524 3976 582 4043 ἐπὶ
604 3979 662 4043 τοῦ
682 3980 823 4066 χριστοῦ
844 3977 959 4063 κυρίως
983 3973 1035 4042 ἐπ’
1050 3974 1156 4042 αὐτῶν
1177 3973 1404 4062 πληρούμενον
1429 3977 1495 4042 τῶν

288 4077 491 4167 πραγμάτων
506 4076 704 4163 εὑρίσκομεν.

339 4221 592 4272 aillasamiliaritate
606 4221 671 4270 CH
754 4209 976 4287 3accipimus'C‘
1054 4220 1143 4271 Bdein
1156 4227 1181 4270 et
1193 4219 1223 4269 H
1305 4233 1333 4268 11
1352 4225 1377 4269 et
1389 4216 1494 4284 (foreol

292 4303 314 4351 C
322 4303 356 4352 H
426 4317 453 4352 rr
471 4318 535 4367 quae
549 4301 573 4351 C
580 4299 655 4366 (corr)
724 4316 754 4364 14
769 4301 816 4351 hoc
829 4317 853 4366 q.
866 4308 891 4350 et
902 4319 948 4350 nos
958 4301 992 4350 H
1061 4299 1090 4351 16
1107 4307 1132 4350 et
1144 4298 1306 4365 (befinposs.)
1316 4315 1356 4348 om
1370 4297 1393 4348 C
1466 4299 1495 4374 ‚¹⁸

288 4387 371 4436 deleta
384 4381 423 4434 C*
438 4382 442 4446 Ι
457 4383 523 4432 idem
536 4381 592 4447 (sor
602 4383 628 4432 ld
639 4381 687 4444 est)
699 4383 732 4432 H
808 4397 836 4447 ¹9
854 4383 921 4431 uelut
934 4382 1051 4446 (fornel)
1066 4382 1133 4432 CH
1204 4395 1234 4444 3²
1252 4381 1383 4443 σπέρματι,
1396 4379 1438 4429 Cr.
1452 4377 1492 4428 Fr.

300 4527 336 4576 19.
359 4511 475 4575 riqm'rlem
489 4526 538 4558 τιοιι
549 4516 582 4559 est
591 4511 631 4558 lex
641 4510 749 4568 domitta,
765 4509 822 4570 δῖα]
840 4511 861 4556 el
871 4505 904 4569 μή
915 4527 946 4572 γι
957 4509 1033 4572 κύριός
1044 4511 1111 4558 ἐστιν
1123 4509 1135 4558 d
1146 4507 1213 4567 νόμος
1225 4509 1360 4556 καταλῦσαι
1372 4508 1449 4554 ταῦτα
1457 4507 1487 4562 (ἓ)
