3342 5224
164 399 247 483 1.1.]
574 411 616 460 m
641 411 693 460 ΕΡ.
716 409 767 460 nn
790 407 966 459 caumas.
1233 447 1235 450 .
1352 409 1369 470 3

162 575 377 659 respondens,
394 584 429 641 et
449 573 672 658 comprobans
694 571 786 656 quod
808 570 897 636 enim
921 569 979 634 illa
1002 587 1089 653 quae
1112 568 1155 632 de
1178 589 1215 633 se
1239 566 1369 633 fuerant

161 678 254 744 dicta
275 699 364 743 uana
387 687 505 743 essent.
550 698 626 744 cum
651 675 766 741 debita
790 695 869 740 uero
893 673 1059 738 modestia
1079 672 1238 736 instruxit
1257 692 1315 736 eos
1329 692 1369 736 ac

161 781 277 846 docuit
296 781 455 865 quoniam
479 789 556 866 post
582 780 705 846 Christi
729 779 913 843 aduentum
938 777 1076 841 minime
1092 775 1270 840 conueniat
1285 774 1368 858 legis

163 885 321 950 inseruire
345 885 523 950 custodiae.
568 883 703 948 docebit
727 891 839 947 autem
862 902 922 946 nos
944 881 1134 945 cautissime
1161 881 1206 944 de
1230 878 1368 962 singulis

163 987 216 1053 his
231 987 288 1051 illa
312 987 543 1072 interpretatio
566 1008 653 1071 quae
678 986 755 1050 Deo
774 994 910 1050 auctore
925 1005 986 1049 suo
1001 982 1118 1049 ordine
1133 981 1370 1068 explanabitur
1405 993 1421 1060 5

164 1091 197 1155 in
213 1091 502 1176 subsequentibus.

756 1369 784 1443 l.

231 1563 362 1630 Paulus
385 1563 552 1647 apostolus,
575 1584 639 1630 non
660 1561 909 1628 abdominibus
933 1585 1032 1648 neque
1043 1573 1107 1647 per
1125 1564 1293 1643 hominem,
1316 1567 1375 1631 sed

159 1679 223 1750 per
246 1669 355 1734 Iesum
384 1668 561 1748 Christum,
586 1679 618 1734 et
640 1669 748 1734 Deum
775 1669 921 1748 Patron,
952 1669 1012 1752 qui
1038 1669 1211 1734 nucitauit
1233 1690 1305 1738 eum
1334 1691 1373 1734 ex

167 1771 315 1836 mortuis.

235 1906 395 1973 Diximus
420 1908 547 1972 iamet
576 1907 610 1972 in
636 1907 860 1992 superioribus
891 1914 1125 1992 argumentum
1155 1905 1371 1992 explicantes,
1391 1929 1429 1978 ιο

168 2011 328 2094 quoniam
357 2011 537 2077 aduersarii
567 2012 611 2077 ad
641 2011 900 2076 destructionem
937 2009 1030 2075 Pauli
1062 2009 1241 2094 plurimam
1278 2011 1374 2080 abusi

169 2113 309 2180 luissent
332 2115 593 2200 derogationem,
614 2114 798 2179 dummodo
824 2115 895 2178 eius
921 2124 1120 2179 euacuarent
1145 2113 1295 2197 gloriam,
1313 2114 1375 2180 sic-

169 2240 236 2302 que
250 2219 436 2283 doctrinam
460 2219 531 2284 eius
552 2219 728 2308 repudiare
748 2218 902 2284 lacerent.
947 2220 1168 2282 necessarium
1191 2219 1280 2284 enim
1295 2227 1375 2298 erat,

169 2322 240 2386 eius
262 2323 419 2405 opinione
441 2323 629 2402 imminuta,
649 2321 748 2386 simul
772 2323 873 2386 etiam
896 2329 931 2385 et
953 2321 1125 2386 doctrinae
1146 2322 1216 2386 eius
1239 2322 1374 2388 titulum

170 2424 303 2490 aboleri.
347 2435 484 2510 propter
497 2426 561 2490 hoc
577 2433 611 2490 et
626 2425 698 2508 ipse
721 2426 851 2510 cogitur
874 2425 918 2490 de
941 2426 1005 2490 illis
1029 2447 1116 2510 quae
1139 2443 1219 2508 erga
1241 2445 1278 2490 se
1297 2436 1376 2492 sunt
1394 2439 1428 2504 15

170 2525 368 2602 satisfacere,
399 2547 542 2611 arguens
571 2526 779 2592 aduersarios
813 2527 969 2593 uniuersa
999 2527 1101 2592 luisse
1129 2527 1296 2592 mentitos.
1341 2528 1376 2591 in

171 2628 293 2710 quibus
318 2636 353 2692 et
378 2629 600 2693 demiratione
626 2629 730 2712 digna
755 2637 808 2694 est
836 2629 1021 2713 apostolica
1050 2631 1237 2713 prudentia,
1261 2650 1377 2714 quem-

170 2732 355 2797 admodum
378 2753 439 2798 sua
460 2732 597 2798 firmans
620 2733 713 2798 nullo
736 2733 770 2797 in
793 2732 867 2798 loco
889 2735 1001 2818 grauis
1023 2733 1190 2817 aliquibus
1213 2733 1304 2797 uisus
1326 2741 1379 2798 est

171 2836 323 2900 extitisse
335 2855 343 2914 ;
366 2837 425 2902 sed
449 2837 544 2919 quasi
571 2837 628 2919 qui
652 2857 713 2920 pro
739 2857 775 2900 se
801 2837 992 2901 satisfacere
1014 2837 1058 2901 sit
1080 2837 1292 2917 coactus„ita
1314 2835 1377 2899 sub

171 2940 282 3024 specie
296 2939 466 3005 referentis
482 2941 635 3005 uniuersa
652 2939 848 3024 simpliciter
867 2948 901 3003 et
921 2939 1075 3004 absolute
1097 2941 1192 3004 dixit.
1236 2938 1327 3021 quod
1343 2948 1427 3008 etzo

172 3044 324 3128 protinus
352 3043 397 3107 ab
428 3043 501 3126 ipsa
530 3043 736 3127 praelatione
766 3044 951 3108 custodisse
980 3045 1175 3127 repperitur.
1220 3042 1378 3107 dicebant

171 3146 261 3210 enim
277 3147 455 3210 aduersarii
472 3146 670 3230 discipulum
695 3167 772 3210 eum
797 3145 898 3211 fuisse
918 3148 1009 3212 beati
1031 3148 1120 3213 Petri
1136 3156 1169 3212 et
1185 3156 1379 3226 ceterorum,

172 3255 210 3312 ut
236 3247 459 3332 praecellente
489 3247 621 3314 illorum
646 3247 798 3314 doctrina
819 3269 880 3333 per
901 3250 1015 3314 omnia
1039 3249 1083 3314 ab
1109 3249 1203 3314 istius
1226 3247 1378 3312 doctrina

172 3349 400 3427 abscedentes,
426 3350 509 3434 legis
539 3350 774 3416 confirmarent
803 3351 1051 3417 obseruantiam
1081 3359 1200 3434 utpote
1229 3368 1379 3414 necessa·

172 3455 278 3533 riam;
315 3474 416 3537 quam
448 3455 550 3519 etiam
580 3463 614 3518 et
643 3454 744 3519 ceteri
774 3454 919 3537 apostoli
947 3463 985 3518 ut
1011 3454 1045 3517 in
1076 3453 1203 3518 Iudaea
1229 3472 1377 3518 commo·
1392 3467 1431 3532 25

172 3567 285 3623 rentes
300 3558 345 3622 ob
360 3557 501 3622 aliorum
517 3557 695 3622 utilitatem
711 3576 846 3622 seruare
861 3557 1047 3622 necessario
1062 3557 1277 3640 cogebantur.

224 3731 235 3765 1
254 3715 381 3765 enimuero
393 3713 449 3778 (for
456 3713 533 3776 enim)
548 3711 653 3780 Clcorr)
783 3730 813 3766 ιο
828 3716 904 3766 etiem
916 3716 1041 3780 (soriam)
1053 3715 1087 3766 H
1190 3731 1219 3782 19
1235 3717 1279 3782 qui
1289 3732 1328 3767 om
1342 3714 1379 3766 C*

172 3810 205 3848 ar
222 3797 251 3847 P.
263 3802 326 3847 etut
337 3803 383 3846 cet.
401 3794 436 3846 C·
586 3811 619 3860 ²3
635 3797 835 3861 praecellentem,
854 3798 994 3850 doctrinam
1013 3800 1078 3850 CH
1088 3797 1093 3866 l
1106 3815 1193 3850 eorum
1213 3802 1270 3866 (for
1285 3802 1333 3866 ill.)
1351 3805 1382 3854 H

172 3896 206 3940 ²4
221 3877 421 3928 discedentesH
487 3875 519 3926 ²6
530 3877 652 3942 cogebant
671 3878 706 3928 H

206 4031 246 4084 ⁹3·
279 4017 487 4082 praxrllmteili.
507 4016 594 4083 doctr]
624 4018 692 4070 “On
710 4021 751 4072 the
800 4021 844 4073 the
855 4023 934 4075 MSS.

171 4102 231 4167 plen
241 4101 297 4150 tbnt
308 4100 350 4151 the
362 4101 478 4166 teaching
489 4100 518 4150 ol
531 4101 574 4151 the
585 4101 654 4152 elder
668 4103 751 4168 Apos·
833 4115 875 4164 25.
908 4105 938 4155 in
954 4104 1048 4155 Iudaea
1064 4105 1250 4168 commorantes]
1284 4105 1374 4172 Comp.

171 4181 555 4247 tleswnsolsuperiorworth.”
586 4183 654 4234 Pitra
662 4185 752 4234 wishes
800 4185 874 4237 Tb‘s
884 4187 997 4237 remarks
1013 4188 1039 4237 in
1052 4187 1091 4237 his
1103 4188 1223 4253 prologue
1233 4195 1261 4238 to
1273 4189 1300 4240 S.
1311 4188 1378 4254 John

170 4273 200 4317 to
214 4272 308 4316 restore
320 4264 363 4315 the
374 4281 478 4330 passage
489 4266 523 4331 by
534 4267 752 4332 atmnsposition:
803 4269 908 4334 (Migne,
927 4268 993 4332 728),
1007 4270 1049 4319 ἐπὶ
1062 4269 1150 4332 πολλῷ
1161 4271 1205 4329 μὲν
1218 4273 1267 4320 τοῖς
1276 4270 1379 4333 Ἱεροσο-

171 4347 487 4411 “etcet,praeoellentem
495 4345 594 4396 illorum
603 4348 749 4409 doctrinam,
767 4345 770 4354 ’
802 4352 885 4410 λύμαις
903 4351 1053 4414 ἐνδιέτριψαν
1072 4353 1095 4400 ol
1112 4351 1219 4411 μαθηταὶ
1238 4352 1274 4414 τῷ
1291 4351 1379 4414 χρόνῳ,

169 4437 200 4480 ut
214 4445 259 4494 per
270 4426 377 4479 omuia³¹
388 4429 432 4480 dre.
457 4429 513 4479 The
524 4431 753 4481 correctioninthe
802 4433 874 4480 κ.τ.λ.
909 4431 958 4481 See
968 4431 1022 4481 also
1033 4431 1075 4482 the
1086 4448 1138 4498 arg.
1153 4439 1179 4483 to
1190 4432 1233 4483 the
1244 4448 1283 4498 ep.
1298 4440 1325 4483 to
1337 4433 1380 4483 the

171 4519 226 4565 text
235 4511 347 4563 involves
358 4511 432 4563 aless
444 4512 537 4563 serious
549 4513 680 4578 departure
688 4513 752 4564 lrom
803 4511 942 4577 Ephesieus
953 4511 1054 4576 (infra).

1211 4614 1291 4660 1-2
