3342 5224
149 380 360 464 11.18-20.]
551 394 592 445 nu
618 396 669 446 nr.
692 394 743 446 nn
767 395 941 446 cnnnrns.
1312 397 1350 459 33

145 568 323 653 diligenter
346 588 501 646 seruare;
532 588 599 650 qua
626 568 669 632 de
694 589 795 632 causa
828 575 863 632 et
892 576 972 654 ante
999 567 1069 631 eius
1091 568 1273 632 aduentum
1295 564 1351 628 lex

145 680 217 736 erat
231 673 351 755 posita.
387 671 417 735 si
435 681 548 735 autem
574 671 631 736 illa
657 693 743 754 quae
771 673 804 737 in
830 694 907 737 eum
928 682 979 738 est
1000 672 1083 737 fides
1109 692 1249 756 peccare
1273 670 1352 734 iacit

145 773 219 838 illos
244 774 301 856 qui
320 775 429 857 legem
454 796 521 838 non
546 775 747 853 custodiunt,
771 776 900 859 peccati
925 775 1020 839 nobis
1045 776 1160 839 extitit
1185 773 1351 856 prouisor.’

146 883 180 938 et
204 887 341 960 propter
360 877 661 942 inconuenientiam
688 877 863 954 dictorum,
882 885 919 941 ut
946 877 1153 942 consuetudo
1177 875 1224 940 illi
1249 881 1300 938 est
1319 874 1351 936 in

146 977 269 1044 talibus
284 981 437 1064 negotiis,
453 981 584 1058 adiecit,
599 980 710 1045 absit!
1391 990 1406 1054 5

209 1129 348 1194 sienim
370 1151 452 1214 quae
473 1131 627 1208 destruxi,
654 1132 731 1195 haec
755 1132 873 1196 iterum
897 1134 1036 1219 aedifico,
1053 1137 1353 1217 praeuaricatorem

145 1233 300 1315 meipsum
315 1234 471 1300 convinco.

212 1359 560 1443 ‘praeuaricatorlegis
571 1361 663 1425 dicor
674 1360 751 1444 (hoc
761 1370 821 1438 est,
833 1382 899 1426 non
911 1363 996 1427 iusta
1006 1366 1190 1430 constituor
1201 1351 1353 1447 ratione),

144 1487 221 1532 cum
246 1466 291 1531 ab
318 1486 357 1530 ea
382 1465 555 1529 recessisse
575 1466 722 1530 uidebor.
766 1474 801 1529 et
821 1465 918 1529 aliter
944 1467 1100 1532 indecens
1124 1476 1175 1532 est
1196 1489 1251 1532 me
1270 1468 1353 1532 haec

145 1569 265 1632 docere
291 1568 385 1645 alios
410 1590 432 1632 a
458 1588 600 1650 quorum
624 1588 703 1660 cura
727 1567 781 1631 uel
806 1567 981 1652 diligentia
1006 1571 1077 1653 ipse
1107 1574 1234 1636 recessi.
1289 1571 1410 1634 hoelo

145 1672 236 1734 enim
261 1681 312 1736 est
335 1692 389 1736 me
411 1672 520 1754 ipsum
542 1672 738 1736 conuincere
759 1675 1067 1756 praeuaricatorem,
1084 1675 1354 1742 inconuenienter

145 1795 167 1838 a
187 1773 370 1856 primordio
391 1774 583 1838 discessisse
604 1796 624 1839 a
645 1775 729 1858 lege,
754 1776 781 1839 si
803 1796 892 1840 nunc
918 1777 1013 1858 quasi
1039 1778 1220 1860 meipsum
1245 1800 1352 1862 repre-

144 1878 295 1942 hendens
319 1879 496 1954 denuoad
521 1877 653 1942 illorum
671 1899 864 1944 concurrere
887 1879 1022 1944 uoluero
1045 1881 1352 1947 confirmationem?

145 1990 180 2045 et
206 1980 371 2063 quiahoc
393 1979 637 2045 sententialiter
659 1981 767 2065 magis
791 1981 917 2045 dictum
942 2003 1016 2046 esse
1039 1983 1225 2064 uidebatur,
1250 2004 1351 2068 quam

145 2083 377 2168 probationem
397 2083 544 2166 aliquam
563 2084 686 2149 habere
710 2085 865 2168 (necdum
888 2087 976 2150 enim
995 2096 1066 2151 erat
1082 2087 1294 2152 manifestum
1311 2110 1352 2152 ne
1371 2103 1381 2147 ι
1391 2098 1405 2164 5

145 2187 282 2270 quando
301 2195 336 2250 et
360 2187 431 2269 ipse
455 2207 521 2250 non
547 2187 634 2250 iusta
658 2188 787 2251 ratione
807 2188 851 2252 ab
871 2187 930 2253 illa
955 2189 1185 2268 discessisset),
1203 2191 1353 2255 ostendit

146 2309 213 2354 non
230 2310 301 2353 esse
316 2290 582 2373 praeuaricatum
598 2289 641 2354 ab
657 2289 714 2354 illa
728 2291 917 2355 discedere:

211 2468 267 2530 ego
281 2448 367 2511 enim
377 2457 437 2530 per
451 2448 549 2531 legem
564 2447 631 2531 legi
643 2458 792 2512 mortuus
806 2469 891 2530 sum,
905 2459 944 2512 ut
956 2449 1025 2513 Deo
1039 2451 1164 2516 uiuam.

211 2581 264 2644 ‘in
295 2582 368 2665 ipsa
397 2581 472 2665 lege
497 2581 726 2665 praedicatum
752 2582 926 2647 inueniens
946 2585 1131 2658 Christum,
1154 2587 1207 2650 'cui
1234 2595 1267 2650 et
1295 2607 1355 2669 per

146 2683 256 2766 legem
287 2682 430 2764 oblatus,
458 2691 492 2747 et
515 2685 661 2761 credens,
686 2695 837 2750 mortuus
866 2707 941 2750 sum
971 2686 1047 2772 legi,
1077 2699 1174 2752 exter
1200 2689 1306 2752 factus
1333 2700 1410 2752 a20

145 2789 312 2870 praesenti
327 2787 390 2851 hac
414 2788 502 2865 uita;
524 2787 616 2852 illam
637 2807 717 2852 uero
737 2809 825 2871 quae
847 2790 913 2853 Dei
934 2793 1037 2855 estin
1060 2793 1278 2874 promissione
1293 2814 1353 2876 per

146 2890 315 2971 baptisma
331 2890 397 2953 iam
414 2890 592 2953 adsecutus
607 2889 700 2954 sum?
744 2899 778 2954 et
794 2890 940 2975 idipsum
956 2893 1057 2958 latius
1073 2893 1267 2977 explicans:

213 3037 342 3105 Chresto
363 3041 507 3124 confixus
526 3061 599 3105 sum
618 3043 713 3108 cruci.
762 3045 839 3108 uiuo
858 3053 966 3108 autem
987 3045 1056 3108 iam
1078 3066 1142 3109 non
1163 3067 1219 3128 ego
1227 3070 1242 3122 ;
1266 3047 1355 3112 uiuit

145 3163 220 3208 icero
234 3143 269 3206 in
286 3163 336 3206 me
351 3141 509 3210 chrocus.

195 3383 210 3433 8
230 3385 319 3434 dicitur
336 3385 370 3434 H
378 3383 383 3441 Ι
398 3387 522 3436 constituo
542 3387 565 3436 C
574 3386 617 3435 H:
644 3395 681 3436 txt
699 3387 785 3436 coniec.
803 3389 877 3438 Pitra
994 3404 1021 3439 η
1041 3405 1092 3440 non
1110 3389 1168 3455 (for
1183 3389 1258 3454 nunc)
1275 3390 1314 3441 C*
1329 3392 1360 3440 ΙΙ

148 3482 177 3528 ι4
192 3467 328 3516 sentialiter
341 3465 440 3516 C'H'
474 3467 638 3518 essentialiter
653 3469 687 3518 H
700 3467 772 3534 (corr)
849 3471 1091 3534 19praeuarioatum
1109 3471 1168 3536 (sor
1182 3469 1279 3536 praed.)
1293 3473 1356 3521 CH

145 3564 174 3599 cr
195 3549 238 3598 illa
256 3548 296 3600 C*
307 3550 342 3600 H

176 3748 201 3798 8.
232 3747 421 3812 precantatur
436 3747 494 3812 legis
509 3747 586 3809 dicor,
600 3745 660 3810 dcc]
684 3747 721 3795 “1
768 3747 985 3811 promeritorum:
999 3748 1174 3813 “praegrande
1180 3747 1274 3798 librarii
1283 3763 1351 3797 men-

143 3845 185 3879 nm
197 3829 304 3894 charged
316 3829 377 3879 with
391 3829 485 3894 having
499 3829 722 3880 committedasln
773 3828 859 3890 dum‚''
876 3845 903 3880 as
921 3829 989 3880 Pitra
1006 3831 1123 3881 remarks.
1159 3829 1215 3880 'Ille
1237 3837 1353 3879 sentence

144 3911 170 3961 in
182 3911 344 3976 abandoning
355 3910 398 3961 the
408 3911 554 3976 standpoint
566 3909 595 3960 of
609 3911 651 3961 the
662 3911 717 3960 lau.
772 3912 818 3962 hus
837 3913 901 3962 been
922 3912 1011 3976 copied
1030 3912 1063 3977 by
1081 3912 1213 3969 lanfranc,
1231 3911 1288 3960 who
1308 3911 1353 3960 has

143 3994 185 4042 To
212 3993 284 4042 resch
307 3992 463 4057 eompliance
484 3993 545 4042 with
567 3992 633 4058 legal
656 3993 721 4042 ordi·
773 3993 904 4057 preserved
915 3992 958 4042 the
970 4001 1024 4042 true
1035 3992 1145 4056 reading.

144 4091 235 4126 nanoes
244 4090 309 4135 now,
320 4075 404 4125 would
415 4077 449 4126 be
460 4083 486 4126 to
497 4075 576 4126 admit
584 4092 627 4141 my
634 4075 722 4141 guilt.’'
806 4089 845 4123 20.
881 4074 955 4135 exter]
994 4074 1077 4123 Pitra:
1104 4078 1197 4123 “rarus
1215 4071 1350 4122 admodum

180 4171 218 4218 ¹4·
249 4155 436 4217 sententialiter]
466 4156 662 4217 ἀποφηνάμενοςτ
689 4155 720 4208 cs.
773 4162 809 4204 cst
826 4155 997 4204 huiuscemodi
1009 4161 1089 4204 rectus
1104 4169 1182 4203 casus.
1216 4154 1259 4202 uix
1275 4170 1350 4204 unum

143 4252 235 4286 comm.
249 4251 281 4285 on
294 4235 325 4286 iv.
344 4247 380 4296 15.
417 4237 469 4285 For
479 4235 521 4286 the
536 4235 606 4286 word
621 4241 719 4286 παίων.
773 4237 909 4286 alterumue
931 4245 968 4286 est
990 4235 1132 4300 exemplum
1156 4235 1231 4300 idque
1250 4236 1351 4301 quidem

143 4334 185 4368 see
203 4317 312 4376 Rdnsch,
332 4317 409 4377 Itala,
420 4334 444 4384 p.
463 4331 517 4381 ¹53»
531 4318 566 4367 N.
582 4317 611 4367 Y.
628 4317 723 4367 Tertul-
773 4316 976 4366 dubium...solus
987 4331 1065 4382 prope
1082 4315 1221 4366 laudandus
1234 4325 1271 4365 est
1289 4316 1352 4365 Pau-

143 4399 218 4454 lum,
231 4413 256 4462 P·
268 4382 326 4459 655·
773 4399 838 4448 linus
850 4396 964 4448 Nolanus
975 4412 1051 4446 carni.
1067 4394 1131 4444 xxi.”
1210 4417 1212 4422 ·

179 4493 216 4544 ¹9·
245 4481 273 4528 in
290 4481 342 4543 ipsa
359 4481 406 4545 Iege
422 4479 603 4545 mulcatum]
634 4480 720 4538 MSS„

232 4587 258 4635 S.
1247 4590 1263 4652 3
