3292 5206
163 387 208 450 11.
230 405 240 449 ι
249 386 288 470 5.]
356 439 358 444 .
532 398 571 448 rx
598 397 648 446 nn.
673 397 723 446 no
747 393 1005 446 couossruva.
1308 395 1374 460 ²91·

162 573 243 636 dum
272 571 441 654 baptisma
470 579 616 634 nostram
647 555 934 632 conuersutionem
961 561 1171 628 ordinantes!
1217 573 1250 627 et
1279 562 1371 646 quod

164 677 270 740 maius
286 686 357 740 est:

227 789 342 882 exerens
357 839 391 880 se
397 816 602 900 principatus
620 825 652 879 et
665 825 837 898 potestates
856 814 1007 880 traduxit
1022 836 1093 878 cum
1102 814 1240 899 fiducia,
1256 813 1372 878 trium-

156 917 266 1002 phans
279 940 330 982 eos
345 918 380 980 in
394 940 435 982 se.

229 1040 453 1126 †priacipatus
479 1052 512 1107 et
531 1050 702 1125 potestates
729 1043 850 1107 hocin
888 1041 961 1106 loco
983 1043 1166 1107 contrarias
1189 1042 1272 1106 dicit
1301 1063 1373 1107 esse
1412 1045 1427 1114 5

165 1143 313 1220 uirtuteS,
327 1165 413 1226 quae
423 1144 583 1207 aduersus
595 1164 656 1206 nos
666 1143 792 1208 nullam
808 1144 988 1228 aliquando
1000 1143 1194 1209 habuissent
1209 1145 1374 1222 uirtutem,

165 1246 192 1307 si
220 1266 280 1308 nos
306 1267 444 1329 peecare
475 1247 612 1310 minime
642 1248 876 1328 potuissemus
922 1253 1017 1311 ‘nam
1047 1247 1216 1330 deponere
1239 1247 1374 1330 (inquit)

166 1347 413 1424 mortalitatem,
443 1367 544 1431 quam
575 1369 635 1430 pro
665 1350 834 1412 communi
865 1349 1015 1412 omnium
1046 1349 1185 1413 abstulit
1221 1348 1375 1424 utilitate,

165 1450 261 1512 exuit
279 1458 314 1513 et
332 1447 407 1512 illos
429 1451 662 1514 auctoritatem
683 1449 776 1513 illam
801 1471 868 1532 qua
886 1450 1112 1514 abutebantur
1127 1451 1287 1513 aduersus
1303 1469 1374 1524 nos,

166 1572 324 1635 magnam
347 1564 382 1618 et
404 1553 575 1617 indubiam
598 1553 757 1617 aduersus
780 1573 837 1616 eos
860 1553 1029 1636 proferens
1051 1553 1245 1628 uictoriam;
1270 1553 1316 1616 ita
1338 1561 1375 1616 ut
1394 1567 1433 1615 10

166 1654 413 1718 confundantur
442 1665 476 1718 et
505 1654 550 1717 illi
589 1675 676 1717 uane
715 1654 875 1718 aduersus
905 1676 968 1718 nos
1007 1664 1139 1718 tantum
1178 1655 1374 1718 sustinuisse

165 1757 323 1833 laborem,
361 1779 405 1821 ex
454 1778 520 1839 quo
558 1756 685 1820 nullum
732 1757 917 1839 proiectum
954 1755 1078 1820 habere
1114 1766 1301 1838 potuerunt,
1340 1757 1373 1819 in

166 1859 336 1923 meliorem
362 1870 486 1925 statum
514 1860 760 1926 transeuntibus
787 1861 892 1937 nobie
915 1860 961 1923 ita
985 1868 1022 1923 ut
1048 1860 1133 1922 ultra
1157 1880 1218 1922 nec
1236 1881 1375 1942 peccare

231 2023 268 2089 αἱ
296 2023 514 2109 ἀντικείμενοι
545 2021 694 2108 δυνάμεις
724 2024 782 2091 οὐκ
808 2023 849 2091 ἅν
870 2051 953 2091 ποτε
978 2025 1081 2114 ἔσχον
1110 2021 1182 2091 τινὰ
1205 2021 1305 2112 ἰσχὺν
1328 2023 1373 2106 μὴ

168 2125 404 2216 ἐπιδεχομένου
425 2127 518 2214 ἡμῶν
539 2128 745 2212 ἁμαρτάνειν.
789 2131 853 2216 *τῷ
876 2126 932 2195 οὖν
953 2126 1139 2194 ἀποθέσθαι
1163 2127 1289 2213 (φησὶν)
1315 2128 1374 2207 τὴν
1392 2143 1426 2212 15

168 2228 357 2311 θνητότητα,
386 2229 426 2315 ἣν
454 2230 537 2321 ὑπὲρ
567 2235 624 2314 τῆς
658 2234 765 2313 κοινῆς
791 2228 929 2319 ἀφεῖλεν
965 2227 1156 2318 εὐεργεσίας,
1186 2228 1373 2296 ἀπεδύσατο

168 2333 323 2401 κᾶκείνοιν
345 2335 404 2416 τὴν
425 2333 621 2416 αὕθεντείαν,
635 2333 719 2425 ᾗπερ
743 2333 919 2424 ἐκέχρηντο
941 2332 1012 2400 καθ’
1027 2332 1127 2419 ἡμῶν,
1142 2332 1300 2416 μεγίστην
1319 2331 1374 2398 καὶ

167 2433 401 2522 ἀναμφίβολον
424 2438 483 2519 τὴν
503 2441 575 2506 κατ’
601 2437 707 2505 αὐτῶν
728 2437 949 2527 ἐργασάμενος
971 2433 1070 2515 νίκην,
1094 2435 1135 2506 ὥς
1157 2433 1373 2525 αἰσχυνθῆναι

167 2536 334 2611 κάκείνους
347 2540 455 2622 μάτην
468 2543 627 2608 τοσοῦτον
642 2539 901 2626 ἐπιδειξαμένους
915 2541 988 2608 καθ’
1011 2539 1100 2620 ἡμῶν
1121 2538 1177 2607 τὸν
1194 2538 1305 2618 πόνον,
1318 2535 1374 2624 ἀφ’

167 2639 205 2706 οὕ
218 2641 317 2723 μηδὲν
332 2643 437 2715 αὐτοῖς
460 2643 585 2726 ἐγένετο
608 2644 737 2732 ὄφελος,
760 2645 796 2709 ἐν
814 2642 974 2729 κρείττονι
994 2647 1034 2728 τῇ
1057 2643 1260 2711 καταπόσει
1281 2669 1374 2728 meye-
1390 2664 1431 2710 20

168 2742 270 2810 νότων
283 2743 381 2827 ἡμῶν,
397 2745 439 2816 ὥς
452 2746 533 2827 μηδὲ
548 2746 702 2833 ἁμαρτεῖν
716 2744 801 2828 ἡμᾶς
817 2744 1031 2835 ἐπιδέχεσθαι
1047 2745 1113 2813 ἔτι]

218 2931 231 2983 7
248 2921 377 2985 deponens
390 2919 496 2984 Chen)
561 2922 577 2972 8
593 2921 727 2972 utilitatem
741 2921 776 2972 C'
842 2937 858 2988 9
873 2938 938 2988 quae
951 2922 986 2973 C*
1055 2936 1082 2974 ιι
1095 2923 1139 2974 ille
1152 2923 1188 2974 C*
1199 2924 1258 2976 illee
1269 2942 1349 2977 uanae
1360 2943 1377 2976 r

171 3015 199 3052 ιτ
217 3001 244 3050 in
260 3001 369 3052 melioris
385 3009 481 3053 tentum
495 3001 531 3054 Ο·
543 3019 560 3052 r
678 3019 707 3066 ιι
723 3019 760 3068 sq.
776 3002 852 3053 Coisl.
865 3004 951 3068 νομί.
969 3005 1043 3066 153b
1059 3005 1114 3066 [Cr.
1127 3004 1159 3055 vi.
1174 3019 1230 3070 ειη,
1251 3008 1292 3057 Fr.
1308 3008 1374 3071 ¹4³]-

168 3079 245 3133 tuor
257 3082 283 3132 tt
293 3082 366 3131 οὕτως
377 3084 459 3143 φησίν
477 3079 600 3141 otiarer..
613 3083 688 3133 κ.τ.λ.
764 3094 796 3132 το
812 3081 908 3143 ὄφειλοι
919 3083 963 3133 Cr.
1047 3097 1075 3133 τι
1094 3079 1239 3146 ἁμαρτάνειν
1248 3085 1305 3136 edd.

203 3241 227 3290 3.
258 3241 349 3276 exuens
364 3225 398 3288 se]
432 3227 467 3277 So
487 3227 519 3278 Ο.
535 3229 583 3289 L.;
600 3229 685 3293 vulg„
704 3243 744 3277 ex·
797 3226 953 3292 puningon
972 3225 1022 3276 His
1044 3225 1178 3290 mortality,
1200 3226 1373 3278 Hedivested

163 3307 273 3370 ροΙιαιιε.
307 3305 363 3356 The
373 3308 543 3358 construction
555 3308 745 3358 nithadouble
797 3306 840 3357 the
861 3307 911 3356 evil
933 3306 1017 3372 spirits
1038 3306 1068 3356 os
1085 3307 1150 3356 their
1172 3321 1257 3371 power
1276 3307 1374 3373 against

168 3389 252 3440 eoois
262 3390 380 3455 repeated
392 3392 417 3439 ln
428 3390 471 3441 the
482 3407 574 3441 comm.
586 3391 676 3449 below,
693 3391 710 3439 l.
720 3403 745 3452 ο.
799 3387 912 3438 Himeelt'
935 3388 986 3438 and
1015 3387 1113 3453 ngeinst
1142 3386 1283 3438 mankinct'
1333 3389 1373 3439 Cf.

171 3467 349 3534 Cuaefiduair‚
363 3484 392 3518 so
409 3469 477 3529 Hil.;
497 3469 575 3534 Aug„
584 3467 746 3533 fidualrtr'ter.
800 3469 897 3518 'Ihdtr
922 3470 1056 3518 κατέλυσα
1071 3465 1121 3518 τῶν
1140 3469 1254 3518 ἐναντίων
1272 3471 1317 3530 τὴν
1336 3471 1374 3519 δυ-

169 3550 362 3616 vug.‚pa1am.
797 3547 982 3598 ναστείαν...διὰ
999 3550 1043 3598 τοῦ
1064 3549 1149 3598 οἰκείου
1166 3545 1277 3608 σώματος
1299 3544 1374 3600 πᾶσιν

202 3647 224 3697 5.
257 3634 396 3684 canaonas
411 3631 437 3682 d.
454 3649 501 3683 esse
516 3631 633 3694 uirtutes]
667 3631 705 3683 Ci.
721 3648 746 3698 p.

173 3729 227 3780 ιρι,
251 3716 267 3767 l.
289 3729 312 3779 5,
331 3731 368 3782 eq.
409 3715 519 3780 Chrys.:
544 3717 587 3766 τὰς
609 3717 747 3779 trapetum

171 3795 283 3853 δυνάμεις
293 3795 370 3855 Myer.

205 3871 240 3934 73
260 3875 453 3939 depenerel=rqi
476 3877 620 3926 ἀποθέσθαι.
659 3877 747 3942 Jacobi

171 3954 268 4005 follows
297 3955 341 4005 the
375 3955 467 4006 Corbie
499 3967 631 4017 corrector,
665 3958 748 4008 whose

172 4034 331 4086 emendation
349 4037 399 4086 had
419 4037 483 4086 been
499 4037 574 4100 given
590 4037 624 4102 by
638 4037 705 4086 Pitra
721 4051 748 4086 ιιε

170 4115 282 4181 ispe-riae
293 4131 381 4164 manu.

204 4215 227 4267 9.
262 4199 332 4248 met
356 4205 380 4246 et
406 4198 460 4247 illos
490 4198 668 4258 auctoritatem]
708 4198 748 4248 Cl

171 4287 258 4344 supra,
272 4279 289 4328 l.
302 4295 326 4342 3
340 4286 408 4329 note.
442 4279 498 4329 The
515 4280 656 4336 translator,
673 4287 700 4329 to
717 4281 749 4330 be

171 4361 316 4422 oonsinem,
341 4361 431 4411 should
449 4362 514 4411 have
536 4361 663 4411 written*
667 4361 749 4412 'exuit

172 4464 199 4498 re
215 4447 313 4497 illorum
331 4442 415 4496 nuct.”
449 4445 498 4494 Th.
522 4442 604 4491 would
621 4457 682 4506 say.
702 4443 749 4506 ‘by

798 3627 854 3686 ἡμῖν
874 3625 919 3687 τὴν
940 3624 992 3676 κατ’
1013 3625 1093 3676 αὐτῶν
1113 3629 1277 3690 χαρισάμενον
1298 3631 1374 3688 νίκην.

801 3707 882 3757 “The
900 3723 997 3772 powers
1014 3708 1043 3757 of
1056 3707 1113 3768 evil,
1132 3709 1215 3760 which
1230 3708 1279 3760 had
1299 3709 1376 3776 clung

799 3789 850 3840 like
868 3805 883 3840 ο
898 3789 994 3841 Nereus
1008 3792 1070 3842 robe
1087 3791 1164 3842 about
1180 3791 1231 3841 His
1244 3791 1375 3856 humenity

798 3886 864 3922 were
885 3879 941 3922 torn
961 3871 1000 3922 off
1017 3871 1067 3920 and
1086 3879 1139 3922 cest
1162 3872 1232 3922 eride
1253 3871 1292 3923 l'or
1308 3889 1375 3923 ever.

799 3953 858 4003 And
878 3953 922 4005 the
935 3953 1031 4018 victory
1041 3952 1071 4004 ol
1083 3953 1204 4004 mankind
1222 3954 1244 4004 is
1258 3953 1376 4004 involved

799 4036 825 4086 in
842 4037 885 4087 the
902 4037 998 4101 victory
1014 4036 1043 4086 ol
1056 4037 1148 4086 Christ.
1186 4037 1217 4086 ln
1235 4037 1285 4087 His
1302 4037 1377 4089 (ἔτους

799 4134 838 4169 ve
860 4127 903 4169 too
925 4135 967 4169 are
988 4118 1101 4168 divested
1124 4115 1153 4166 ol'
1177 4119 1220 4172 the
1242 4119 1377 4184 poisonous

799 4199 911 4264 clinging
921 4207 1047 4263 garmerus
1058 4197 1088 4248 oi
1104 4199 1252 4262 temptation
1272 4199 1357 4248 end
1338 4215 1376 4249 sm

799 4279 849 4330 end
868 4277 966 4330 derth''
987 4278 1125 4344 (fightioot
1143 4279 1183 4328 ad.
1206 4278 1232 4327 Ιι.
1252 4279 1278 4337 l..
1300 4279 1379 4344 citing

1189 4553 1291 4617 ιον-2
