3332 5210
274 349 315 415 54
605 351 832 404 susouoxus
856 352 1147 407 nonsussssnus
1332 345 1410 428 [111.
1428 363 1477 425 ²4

271 539 333 582 nos
356 539 377 583 a
401 530 590 586 ceterorum
613 525 837 605 permixtione
863 545 922 609 per
948 525 1031 611 legis
1055 527 1243 593 doctrinam
1256 552 1264 610 ;
1298 532 1344 596 ita
1370 541 1407 597 ut
1431 533 1478 617 pii

271 623 394 687 seruati
417 624 596 706 opportuni
618 645 690 689 esse
711 627 899 691 uideremur
919 627 976 692 illa
997 651 1084 712 quae
1104 633 1288 697 secundum
1306 633 1475 700 Christum

271 733 348 787 sunt
363 725 537 812 suscipere.
581 747 660 792 nam
677 729 848 820 prophetis
864 740 943 795 ante
960 732 1140 798 multorum
1156 743 1345 817 temporum
1366 739 1477 820 spatia

270 825 305 888 id
329 828 606 910 praedicantibus,
633 841 871 914 cognoscentes
895 840 975 897 ante
1001 835 1132 899 exitum
1158 837 1284 919 negotii
1308 837 1366 902 illa
1390 860 1477 921 quae

238 931 454 1007 seecundum
485 931 655 999 Christum
685 942 764 998 sunt
788 935 855 999 iarn
882 936 1043 1012 uidemus,
1067 939 1182 1022 sicque
1211 939 1269 1004 illa
1299 941 1477 1025 recipimus

269 1039 448 1115 postquam
464 1033 553 1100 iacta
567 1036 662 1102 sunt'
692 1038 726 1101 in
742 1038 921 1122 euangeliis
937 1046 970 1103 et
986 1038 1120 1120 quidem
1138 1040 1270 1104 uidetur
1279 1041 1323 1105 ad
1341 1042 1475 1106 Petrum

269 1134 425 1200 Andreas
449 1137 550 1203 frater
579 1139 649 1204 eius
679 1141 824 1207 dixisse:
855 1161 949 1224 quem
977 1142 1106 1224 sempsit
1128 1143 1258 1226 Moyses
1283 1145 1319 1209 in
1346 1147 1420 1230 loge,
1446 1157 1478 1211 et

260 1235 440 1318 prophetae,
461 1240 646 1306 z'nuenimas
668 1243 837 1320 Messiam,
861 1245 922 1326 qui
943 1255 991 1310 est
1016 1244 1170 1314 Chn'stres.
1209 1251 1315 1333 magis
1342 1271 1476 1334 quoque

268 1339 530 1422 aduenientibus,
554 1346 636 1410 dum
669 1347 823 1411 Herodes
849 1347 1057 1431 legisperitos
1087 1351 1312 1435 interrogaret,
1340 1374 1474 1438 respon-

217 1457 256 1506 10
269 1444 389 1509 derunt
418 1447 449 1510 ei
475 1449 633 1530 quoniam
658 1451 692 1514 in
723 1450 895 1516 Bethleem
920 1453 1064 1517 eundern
1090 1464 1267 1522 uenturum
1294 1472 1476 1544 expectant
1519 1529 1523 1534 ,

267 1547 451 1612 secundum
481 1549 711 1634 propheticam
742 1574 867 1619 uocem.
913 1564 947 1620 et
974 1555 1081 1622 multa
1109 1558 1301 1624 huiusmodi
1328 1563 1476 1630 inueniet

268 1649 342 1729 quis
372 1650 405 1713 in
437 1654 620 1736 euangeliis
655 1655 785 1720 inserta.
831 1657 951 1738 quibus
981 1660 1207 1744 unusquisque
1242 1684 1263 1728 a
1292 1665 1475 1747 primordio

267 1749 519 1819 denuntiatione
534 1757 803 1839 praecedentium
818 1757 1056 1842 prophetarum
1077 1763 1121 1826 de
1137 1763 1272 1830 Christo
1287 1767 1474 1844 instructus,

266 1855 548 1934 praedicationem
579 1860 827 1944 euangeliorum
859 1863 948 1926 uisus
971 1872 1022 1928 est
1044 1867 1243 1949 suscepisse;
1269 1889 1309 1932 eo
1334 1871 1424 1952 quod
1440 1881 1474 1935 et

215 1967 249 2034 13
266 1956 394 2021 dudum
410 1969 443 2023 et
464 1961 631 2046 exlongo
652 1972 802 2046 ternpore
823 1964 866 2028 ab
887 1964 952 2028 illis
975 1965 1008 2029 id
1032 1966 1102 2030 fieri
1124 1970 1329 2052 sperabatur,
1347 1971 1473 2036 iratres.

266 2060 358 2140 quod
374 2061 460 2126 bene
476 2064 557 2128 dicit
572 2065 759 2148 apostolus:

303 2249 306 2256 .
332 2183 440 2265 itaque
461 2185 512 2248 kx
522 2186 731 2269 paedagogam
752 2196 860 2251 noster
868 2185 950 2269 fuit
967 2186 1002 2250 in
1025 2185 1162 2266 Christo,
1183 2200 1223 2252 ut
1238 2211 1277 2253 ex
1288 2190 1361 2274 fide
1379 2190 1473 2254 iusti·

256 2285 404 2367 ficonur.
434 2364 437 2370 ¹

332 2409 540 2475 ‘iustificatio
567 2411 667 2494 igitur
692 2411 758 2475 ista
787 2418 822 2476 et
851 2410 1016 2475 bonorum
1042 2411 1193 2480 omnium
1219 2419 1322 2494 caput
1348 2409 1471 2476 Christi

210 2535 252 2583 20
264 2511 380 2584 extitit
410 2515 584 2580 aduentus.
640 2535 685 2579 ex
719 2535 788 2598 quo
814 2523 849 2582 et
868 2517 1157 2606 resurrectionem
1188 2516 1407 2602 percepimus,
1438 2526 1472 2585 et

264 2617 476 2683 inmortalem
503 2618 608 2680 uitam
631 2616 731 2700 potiti
755 2638 878 2682 sumus.
923 2619 958 2682 in
983 2639 1051 2702 qua
1075 2620 1267 2698 existentes,
1292 2618 1379 2685 ultra
1404 2642 1472 2685 non

264 2722 497 2806 peccabimus;
520 2719 635 2786 sedin
658 2721 767 2786 multa
788 2722 962 2787 constituti
987 2721 1211 2787 delectatione
1237 2724 1471 2802 custodiemur,

263 2827 421 2892 affectum
446 2845 525 2909 erga
551 2825 662 2890 Deum
688 2825 864 2890 inlibatum
890 2836 1073 2905 seruantes,
1096 2837 1131 2893 et
1150 2828 1279 2892 nullum
1299 2849 1472 2895 occursum

263 2930 417 2994 tristitiae
431 2928 641 2995 sustinentes.
675 2928 733 2992 lex
748 2938 861 2992 autem
878 2929 967 2994 bona
982 2938 1042 3008 est,
1053 2951 1140 3014 quae
1155 2931 1346 3016 paedagogi
1361 2931 1472 2996 locum

208 3054 226 3100 2
232 3051 247 3118 5
264 3033 406 3117 implens
421 3029 465 3096 ad
481 3033 545 3096 ista
560 3052 622 3096 nos
636 3033 804 3115 perduxit,
819 3040 854 3095 et
869 3052 929 3098 sua
945 3033 1098 3096 doctrina
1113 3031 1232 3098 horum
1250 3033 1346 3096 nobis
1369 3034 1474 3102 mani-

263 3137 399 3202 festauit
414 3137 609 3201 aduentum.
654 3137 768 3219 itaque
788 3145 822 3201 et
843 3135 933 3200 utilis
955 3146 1007 3201 est
1025 3138 1131 3215 nobis,
1148 3157 1189 3201 eo
1210 3138 1301 3219 quod
1318 3139 1362 3202 ad
1379 3161 1473 3223 mag-

315 3284 335 3328 1,
358 3283 371 3318 a
391 3269 427 3334 pii
442 3285 462 3320 s.
482 3275 604 3336 oportune
624 3268 661 3320 C*
679 3270 713 3318 H
757 3269 798 3335 pie
817 3286 837 3320 s.
856 3270 974 3335 oportuni
994 3271 1106 3332 δίεσιν)
1130 3271 1223 3336 [oport.
1247 3272 1362 3336 (possim)
1388 3274 1411 3324 C
1431 3273 1473 3334 H]

264 3367 315 3414 Μ
332 3351 358 3400 id
376 3352 457 3418 spatia
474 3352 508 3405 H
520 3352 594 3414 (corr)
720 3365 748 3416 15
766 3353 852 3402 fratres
868 3369 908 3402 om
928 3353 1040 3414 thorr)
1162 3367 1191 3418 ¹9
1208 3368 1268 3418 ergo
1280 3353 1339 3417 (for
1349 3355 1478 3419 igiturlH

264 3449 294 3484 nr
312 3433 450 3486 delectione
465 3433 487 3482 C
489 3432 503 3460 ⁴
628 3451 660 3498 τι,
676 3435 775 3486 tristitia
788 3435 827 3486 C*
862 3435 987 3488 tristitiam
997 3436 1031 3484 H
1141 3433 1172 3484 τό
1189 3435 1261 3485 nobis
1272 3451 1311 3485 om
1326 3437 1432 3498 Clcorr)
1444 3439 1479 3487 H

295 3549 319 3599 6.
366 3550 402 3598 od
425 3549 528 3602 Pomm
555 3549 680 3611 Andreas]
719 3549 769 3600 Th.
797 3549 844 3600 has
892 3565 948 3599 cxx.
966 3549 1030 3600 from
1048 3548 1126 3609 Beda,
1142 3548 1177 3600 H.
1193 3548 1229 3598 F..
1244 3547 1280 3597 iii.
1294 3548 1337 3610 iu,
1351 3548 1473 3602 collected

263 3631 372 3682 blended
384 3631 426 3684 the
437 3631 519 3681 words
530 3631 559 3681 oi
573 3630 601 3681 S.
614 3631 725 3681 Andrew
736 3631 813 3697 (John
824 3631 842 3680 i.
892 3631 926 3696 by
938 3631 1028 3695 Mayor
1039 3630 1089 3682 and
1101 3630 1208 3694 Lumby,
1221 3646 1247 3694 p.
1259 3643 1317 3692 454.

265 3731 308 3778 4¹²
322 3711 452 3776 εὑρήκαμεν
462 3712 842 3774 τὸνΜεσσῑιινόἐστινμεθερμη-
926 3725 966 3774 25.
988 3711 1079 3762 odota
1094 3727 1138 3762 taos
1150 3711 1278 3774 poduxit]
1308 3709 1381 3762 Tn.’s
1396 3727 1472 3776 expo·

265 3797 387 3856 ναιόμενον
400 3795 514 3859 xpo-ros)
522 3795 583 3844 with
594 3795 665 3846 those
677 3795 706 3844 ol
717 3796 744 3846 S.
760 3795 843 3862 Philip
893 3791 968 3843 sition
979 3791 1037 3842 thus
1047 3793 1121 3843 holds
1132 3791 1171 3842 off
1183 3793 1247 3844 from
1259 3792 1302 3843 the
1313 3791 1437 3842 inierence
1447 3793 1476 3842 ol

266 3879 306 3940 (ib.
317 3891 361 3942 45:
376 3881 403 3928 lo
412 3881 522 3942 ἔγραψεν
532 3879 638 3938 Molioni
649 3879 675 3928 lu
685 3877 721 3940 τῷ
730 3879 793 3940 νόμῳ
804 3881 843 3929 rel
894 3875 989 3926 several
1000 3875 1030 3925 ot
1037 3875 1080 3926 the
1091 3875 1142 3926 Gk.
1154 3881 1354 3934 commentatore.
1365 3874 1420 3924 that
1431 3874 1474 3926 the

265 3964 287 4012 ot
304 3963 436 4025 προφῆται,
450 3959 598 4023 εὑρήκαμεν).
895 3959 946 4023 Ap.
959 3959 1059 4021 regards
1070 3957 1125 4008 Our
1136 3957 1205 4008 Lord
1216 3974 1244 4008 as
1259 3956 1302 4008 the
1318 3957 1430 4008 Teacher
1446 3965 1473 4008 to

297 4059 321 4108 9.
372 4041 526 4106 legispm'tos]
577 4043 632 4092 rolr
658 4038 776 4104 ἀρχιερεῖς
805 4042 845 4090 rol
895 4040 990 4090 Whose
1012 4039 1099 4090 school
1119 4055 1178 4090 men
1197 4054 1263 4090 were
1281 4039 1420 4088 conducted
1440 4040 1473 4102 by

265 4127 415 4187 γραμματεῖς
430 4127 474 4173 τοῦ
489 4125 551 4174 λαοῦ
568 4122 651 4188 (Man.
663 4123 688 4172 ii.
703 4125 737 4186 4).
772 4123 844 4172 Dum
895 4121 938 4172 the
949 4122 1011 4171 Law
1019 4139 1028 4182 ρ
1044 4121 1076 4170 cl.
1088 4121 1179 4172 Thdt.t
1197 4121 1245 4172 utu
1255 4137 1302 4170 rm
1313 4117 1383 4180 σοφῶ
1393 4121 1473 4170 διδω-

266 4207 432 4270 samogam,
453 4205 636 4255 almost=eum
655 4206 719 4264 inm
746 4203 778 4254 cl.
801 4203 842 4253 Ps.
895 4204 963 4264 κάλῳ
974 4204 1106 4266 προσφέρει
1117 4203 1155 4263 τῷ
1167 4202 1276 4264 δεσπότῃ
1292 4200 1406 4264 Χριστῷι
1423 4203 1473 4252 aud

266 4289 332 4339 lxxv.
350 4305 388 4347 ιο,
399 4291 460 4339 dum
471 4286 696 4352 resurgeretllvrol
703 4283 843 4344 ἀναστῆναι,
896 4283 974 4335 Oea:
1001 4283 1085 4346 ὥσπερ
1106 4281 1120 4334 ὀ
1142 4285 1299 4346 παιδαγωγὸς
1321 4284 1474 4344 τροδιδάσκει

266 4386 322 4420 cum
339 4387 394 4431 ren,
408 4365 504 4434 Vulg.)‚
518 4369 585 4419 cited
595 4369 631 4432 by
643 4367 744 4418 R‘onsch
756 4367 840 4428 (Itala,
895 4367 949 4415 τοὺς
965 4365 1053 4414 παῖδας
1071 4365 1109 4414 ἵνα
1127 4366 1159 4414 elr
1177 4365 1334 4416 διδασκάλους
1350 4363 1473 4427 [temort-

266 4468 292 4515 p.
306 4453 363 4514 400)
375 4451 438 4500 lrom
450 4451 493 4500 the
503 4451 600 4498 Roman
613 4448 708 4498 Missal.
732 4448 781 4498 See
792 4448 845 4498 also
895 4447 968 4506 hovi]
980 4445 1137 4507 φωνήσαντες
1149 4447 1318 4507 εὐμαθέστεροι
1329 4446 1431 4494 ἔσονται.
