3340 5232
145 385 359 470 111.14‚15.]
562 402 602 452 m
627 402 680 452 ar.
703 403 754 452 an
777 402 965 454 arsasius,
1287 399 1348 466 159

135 568 308 649 gentz'bus‚·
331 571 467 635 resumit
483 570 601 635 iterum
617 572 707 653 quod
723 572 864 648 dixerat
880 571 979 634 huius
993 570 1175 653 reigratr'a.
1213 579 1246 634 et
1258 568 1347 650 quod

142 673 187 736 ibi
203 675 312 737 dicere
328 693 427 756 supra
442 684 667 756 proposuerat,
684 674 748 736 hoc
764 674 797 737 in
814 675 878 737 isto
894 675 967 736 loco
983 674 1099 736 adicit:

206 839 305 903 haim
330 839 380 904 rei
397 840 524 923 gratia,
539 841 634 922 flecto
654 819 764 924 genua
788 861 858 904 mea
882 839 930 902 ad
941 849 1071 922 patrem
1097 836 1222 902 domini
1247 836 1351 901 nostri

142 936 217 1001 Iesu
242 940 373 1019 canteri,
397 963 436 1005 ατ
459 963 521 1023 quo
544 943 651 1005 omnis
672 942 875 1026 congregatio
894 941 930 1004 in
948 941 1044 1003 caelis
1062 950 1094 1004 et
1112 948 1208 1020 super
1226 947 1348 1001 terram

144 1039 341 1106 nominatur.
1385 1039 1400 1106 5

209 1173 371 1258 †quidam
387 1179 573 1260 paternitas
593 1180 751 1262 legerunt,
769 1199 836 1242 non
853 1177 1080 1259 intellegentes
1097 1175 1184 1257 quod
1203 1174 1346 1257 positum

142 1289 214 1341 erat
234 1279 277 1342 ab
300 1281 468 1363 apostolo;
491 1291 542 1346 est
564 1293 675 1346 autem
697 1280 905 1364 congregatae.
950 1300 1027 1343 nam
1036 1279 1153 1361 patria
1169 1279 1221 1343 uel
1237 1288 1350 1361 pater·

144 1379 239 1458 nitas,
250 1384 406 1464 cognatio
418 1384 550 1463 dicitur;
563 1385 764 1468 congregatae
778 1393 891 1448 autem
907 1383 1058 1447 collectio
1073 1404 1145 1447 esse
1155 1383 1350 1447 insinuatur.

144 1483 177 1545 in
205 1485 304 1548 caelis
330 1507 474 1570 namque
497 1489 654 1570 cognatio
684 1487 819 1569 quidem
850 1496 901 1550 est
931 1486 1020 1549 nulla
1028 1507 1036 1562 ;
1073 1487 1349 1568 congregationes

144 1599 256 1653 autem
272 1601 349 1654 sunt
365 1591 533 1672 plurimae.
565 1610 643 1654 nam
659 1591 748 1672 quod
764 1590 867 1654 dixit:
889 1589 987 1652 huius
1007 1589 1056 1651 rei
1071 1589 1196 1670 gratia,
1219 1607 1348 1650 sursum
1367 1609 1405 1656 10

145 1693 280 1774 quidem
296 1695 440 1757 reddidit
456 1694 499 1757 ad
516 1693 571 1756 illa
590 1713 676 1774 quae
699 1692 869 1774 praedicta
891 1692 1020 1755 fuerant
1043 1691 1082 1767 ei,
1104 1711 1190 1773 quae
1213 1691 1350 1754 narrati·

210 1881 294 1951 τινὲς
323 1883 428 1969 πατριὰ
457 1880 650 1964 ἀνέγνωσαν,
682 1880 718 1947 οὐ
749 1881 908 1953 συνιέντες
938 1881 975 1946 τὸ
1007 1881 1159 1964 κείμενον·
1197 1877 1287 1944 ἔστιν
1315 1875 1350 1941 δὲ

147 1983 282 2072 Φρατρῖο.
327 1983 450 2071 πατριὰ
480 1984 540 2068 μὲν
569 1984 634 2072 γὰρ
664 1983 684 2066 ἡ
716 1983 886 2068 συγγένεια
914 1983 1052 2064 λέγεται,
1080 1979 1224 2068 φρατρία
1252 1978 1287 2045 δὲ
1312 1973 1350 2044 τὸ

147 2084 313 2168 σύστημα·
345 2086 379 2151 ἐν
404 2083 441 2150 δὲ
462 2091 528 2156 τοῖς
551 2084 693 2173 οὐρανοῖς
719 2085 890 2168 συγγένεια
911 2083 972 2166 μὲν
993 2083 1129 2168 οὐδεμία,
1153 2082 1350 2166 συστήματα

147 2187 183 2253 δὲ
197 2189 252 2254 καὶ
265 2185 389 2254 πολλά.
432 2187 471 2254 τὸ
486 2189 592 2255 τοίνυν
606 2193 718 2266 τογ’τογ
734 2193 815 2276 χάριτι
836 2187 958 2254 ἄνωθεν
972 2188 1032 2270 μὲν
1046 2183 1254 2257 ἀποδεδωκὼς
1268 2184 1349 2272 πρὸς
1366 2203 1401 2270 15

194 2371 556 2436 οεορετῌονευρτεΜἿΙ
648 2372 790 2435 4terraH
916 2369 1154 2435 6legtth(corrl
1264 2371 1350 2420 83oe

144 2454 253 2517 omHg
321 2469 351 2504 10
367 2469 463 2504 rursum
475 2455 532 2519 (sor
541 2455 683 2516 sursum)C
790 2469 816 2502 rr
836 2453 978 2518 praedicata
992 2450 1029 2516 Cl
1044 2453 1128 2517 eisque
1140 2450 1198 2515 Uar
1207 2452 1230 2500 ei
1241 2451 1352 2516 quae)C

148 2548 176 2584 1ο
189 2551 227 2600 sq.
241 2535 316 2584 Coisl.
330 2551 385 2598 204,
399 2538 415 2586 s.
432 2535 488 2598 762
505 2537 558 2598 [Cr.
571 2539 603 2584 vi.
619 2551 673 2601 159,
686 2536 708 2584 F
709 2551 729 2585 r.
745 2535 800 2596 ¹34]
813 2536 926 2596 Oetlupor
938 2535 963 2583 δέ
975 2543 1059 2596 φησιν·
1077 2533 1145 2594 ruis,
1160 2551 1181 2583 rr.
1190 2551 1212 2583 r.
1219 2535 1244 2582 λ.
1321 2547 1349 2582 ιτ

145 2613 249 2680 πατριὰν
258 2617 315 2667 cod.
423 2632 452 2680 ¹3
469 2619 625 2682 φατρέαοοᾱ.
737 2634 766 2680 14
783 2620 881 2676 μὲνοιυ
893 2617 951 2666 edd.
1105 2623 1108 2628 '

179 2772 203 2823 6.
223 2773 324 2838 qur'rr'am
336 2774 472 2838 paternitas
482 2773 601 2838 legemur]
615 2773 722 2835 Quidam
806 2771 862 2820 The
883 2770 981 2834 margin
1002 2770 1032 2819 os
1051 2769 1173 2820 Cramer's
1195 2777 1283 2820 catena
1303 2769 1350 2822 has

147 2869 189 2902 are
204 2853 229 2902 in
247 2854 296 2904 lact
311 2855 345 2904 all
360 2862 651 2905 extantcommentators
662 2853 723 2903 with
774 2854 817 2903 the
849 2852 1008 2903 scholiontd
1031 2852 1209 2914 Χρυσόστομοτ·
1238 2855 1346 2914 τατριαέ,

147 2933 190 2984 the
201 2935 368 3000 exceptionos
375 2936 515 2995 Theodora
527 2937 577 2985 and
587 2936 620 2984 all
629 2935 723 2984 known
773 2936 841 2984 οἱονεὶ
869 2936 954 2995 φυλαί.
992 2932 1116 2997 Ὠριγένητ
1143 2935 1233 2991 ludus.
1274 2935 1349 2994 Στυρ-

148 3013 227 3064 MSS.
241 3014 292 3063 aud
306 3014 426 3064 versions.
460 3015 551 3079 Chrys.
569 3015 660 3064 indeed
678 3013 722 3062 lelt
773 3012 862 3078 ριανέε·
879 3015 992 3078 ruenda,
1005 3015 1036 3064 ὡς
1050 3013 1092 3063 lrl
1107 3015 1254 3076 emeretur.
1291 3011 1350 3064 θεέ-

147 3093 191 3143 the
209 3093 434 3144 awkwardnessof
449 3094 604 3160 predicating
622 3094 665 3143 the
681 3107 723 3142 ex·
775 3098 854 3159 δωροτ·
873 3099 994 3160 φροτρέαι,
1008 3097 1199 3156 τὰσυπήρατα.
1233 3095 1350 3160 Origen’s

147 3175 240 3226 istence
256 3174 286 3226 ol'
305 3177 405 3238 τατριαέ
422 3191 515 3241 among
536 3175 579 3226 the
600 3173 724 3238 heavenly
773 3183 900 3226 comment
928 3177 948 3226 is
975 3176 1092 3226 followed
1120 3177 1154 3238 by
1180 3174 1223 3224 the
1250 3175 1349 3224 remark

146 3257 231 3306 hosts:
257 3258 362 3306 ἐνταῦθα
390 3257 435 3316 μέν
462 3255 511 3319 γάρ
538 3258 638 3319 turpari
665 3257 725 3306 airu
774 3257 867 3318 (added
894 3256 921 3306 in
948 3256 991 3306 the
1017 3255 1087 3320 body
1114 3255 1144 3304 ol
1167 3255 1210 3305 the
1237 3256 1348 3315 careum:

147 3337 180 3387 τὰ
199 3339 265 3400 γένη,
288 3339 314 3387 έν
335 3338 362 3388 δὲ
383 3339 475 3400 οὐρανῷ
493 3339 551 3394 πῶς,
572 3339 629 3387 Ma
650 3339 724 3388 oldris
775 3339 876 3400 πατριὰς
887 3339 913 3388 δὲ
924 3337 963 3386 rol
977 3339 1048 3387 αὐτὸς
1062 3338 1180 3396 ἐξέδωκεν,
1193 3333 1221 3384 ori
1233 3335 1349 3399 φρατρίας

148 3419 174 3476 έξ
195 3419 286 3467 οὐδενὸς
306 3417 426 3478 γέγονενς
452 3414 470 3478 ἢ
492 3419 543 3466 έκεΐ
562 3417 597 3466 τὰ
620 3417 723 3476 suurn·
774 3419 836 3469 κατὰ
845 3421 973 3482 Θεόδωρον.

147 3497 224 3558 part
253 3506 345 3561 φησιν
367 3499 477 3560 πατριάς,
502 3499 613 3560 καθάπερ
634 3499 674 3547 καὶ
697 3499 722 3547 έν
808 3513 829 3565 7.
866 3503 946 3567 patria
967 3503 1009 3552 uel
1028 3500 1176 3567 paternitas]
1218 3499 1255 3552 Cf.
1276 3516 1302 3566 p·
1323 3513 1346 3562 5,

147 3581 181 3643 τῦ
206 3581 292 3644 γραφῇ
316 3582 383 3630 ἔστιν
404 3581 478 3642 εὑρεῖν
506 3581 612 3640 κείμενον
633 3579 724 3643 τατριιὶ
773 3584 791 3633 l.
813 3583 850 3634 16.
886 3585 1138 3647 Patria=patmiras
1157 3599 1243 3633 oocurs
1262 3583 1288 3633 in
1305 3583 1350 3634 the

149 3663 280 3723 duanapet
297 3661 415 3724 [Μεραρεέ
425 3663 437 3710 i
448 3661 542 3710 Numb.
557 3662 591 3710 iv.
604 3661 660 3726 3313
679 3659 723 3721 ἀφ’
773 3663 892 3727 Vulgus
903 3664 944 3712 Ps.
956 3679 1010 3712 xcv.
1025 3676 1038 3726 7
1055 3663 1189 3728 (“patrise
1202 3663 1314 3726 gentium
1322 3661 1349 3724 ”l

148 3745 176 3795 οὔ
198 3745 237 3794 καὶ
259 3746 384 3806 τατέρετ
405 3745 541 3792 ratuinus.
576 3743 723 3794 Severianus
773 3745 823 3793 and
843 3744 864 3793 is
881 3743 943 3794 used
962 3745 989 3793 in
1008 3743 1051 3793 the
1070 3750 1169 3809 present
1191 3759 1294 3808 passage
1315 3745 1349 3808 by

148 3827 272 3876 mentions
284 3823 326 3875 the
338 3823 487 3888 conjectural
503 3823 722 3888 readingsoposi-
774 3825 816 3874 the
841 3825 930 3874 author
951 3824 981 3874 os
1004 3826 1047 3874 the
1072 3840 1146 3890 poem
1170 3839 1210 3888 ag.
1234 3824 1347 3873 Marcion

148 3907 225 3971 lively
236 3905 346 3970 adopted
361 3905 395 3968 by
406 3903 463 3964 Tu,
477 3904 522 3953 but
532 3904 593 3968 only
603 3911 630 3954 to
646 3903 723 3968 reject
772 3907 885 3958 ascribed
897 3913 923 3956 to
934 3907 1074 3956 Tertullian
1088 3904 1130 3970 (iv.
1144 3905 1200 3970 35):
1220 3907 1286 3954 “Ex
1298 3921 1349 3970 quo

147 3989 168 4039 it
191 3988 313 4049 (Cramer,
341 3986 375 4035 vi.
403 3999 464 4050 159:
492 3987 669 4045 έπεσηματτέον
698 3987 723 4035 δέ
773 3988 855 4037 omnis
869 3987 950 4052 patria
964 3987 990 4034 in
1006 3985 1076 4036 caelo
1091 3994 1204 4050 terraque
1219 3983 1349 4034 uocatur.”

148 4066 188 4116 ὅτι
218 4064 322 4128 τατριάτ
353 4067 420 4114 εἶπεν
446 4066 476 4115 ὡς
506 4067 546 4114 έτέ
575 4066 722 4127 emeretur,
774 4067 1127 4130 Pittacitesalaollier.aa¹v.
1140 4067 1213 4114 Helv.
1227 4079 1255 4127 14
1269 4067 1349 4128 “cog-

149 4152 177 4198 οὐ
205 4149 329 4212 φρατρέαν.
365 4147 442 4199 Thdt
467 4163 553 4214 passes
574 4147 593 4198 it
616 4163 676 4196 over
697 4148 722 4196 in
773 4149 874 4198 natione
885 4149 971 4197 iratres
982 4155 1102 4197 uocantur
1118 4147 1161 4210 qui
1178 4154 1234 4196 sunt
1250 4146 1283 4194 de
1299 4161 1350 4194 una

148 4232 248 4286 silence.
268 4231 314 4280 but
329 4229 436 4293 justifies
455 4229 498 4278 the
518 4235 584 4278 text:
611 4229 680 4287 λέγει
698 4228 725 4276 δέ
773 4230 867 4280 familia
878 4229 904 4278 id
916 4236 953 4278 est
959 4229 1056 4293 patria,
1069 4235 1131 4293 quas
1143 4227 1225 4276 Latini
1235 4228 1349 4290 paterni-

148 4312 189 4361 ἑτέ
214 4311 261 4370 γῆς
288 4311 394 4372 πατέρατ
424 4312 478 4359 τοὺς
509 4311 580 4371 φύσει
607 4309 724 4370 τατέρατ·
773 4317 832 4359 tates
846 4311 1045 4373 interpretantur,
1059 4323 1135 4372 quum
1153 4323 1182 4356 ex
1198 4321 1249 4355 una
1266 4306 1350 4356 radice

148 4393 267 4453 οὐρανίους
289 4392 321 4441 δέ·
340 4391 454 4454 πατέρας,
477 4392 532 4440 τοὺς
554 4391 724 4451 ravennon
772 4389 852 4438 multa
862 4388 958 4453 generis
970 4389 1042 4437 turba
1052 4382 1223 4435 diffunditur.'’

148 4473 225 4522 καλεῖ.
