3332 5210
182 311 220 373 V.
243 311 301 394 ¹4]
584 327 624 376 ru
650 327 702 379 sn
725 329 776 378 nn
799 329 974 379 orturus.
1345 323 1386 392 95

247 506 356 561 estet
383 497 479 561 aliter
510 518 576 562 non
609 519 757 582 peccare,
788 500 925 581 quando
956 499 1030 581 quis
1057 500 1231 562 caritatem
1260 493 1387 560 saluam

181 601 346 678 custodit;
370 600 425 664 ille
441 601 529 664 enim
547 601 602 683 qui
619 603 696 665 talis
713 610 846 666 estnon
862 602 970 666 solum
987 623 1008 665 a
1030 601 1234 665 nocibilitate
1249 599 1389 662 aliorum

181 722 254 765 sese
281 702 423 779 cohibet,
446 704 505 767 sed
529 716 562 767 et
586 704 796 786 compellitur
823 705 949 768 bonum
977 704 1092 767 lacere.
1139 723 1245 785 neque
1268 703 1390 765 seruire

182 803 275 885 piget
290 805 470 888 aliquando
490 806 614 870 dilecto
635 807 707 882 sibi,
723 807 749 870 si
767 797 833 871 non
856 807 918 870 hoc
941 827 1020 870 usus
1043 808 1212 889 exegerit;
1234 825 1274 868 eo
1298 804 1389 885 quod

183 927 243 970 nec
273 911 470 973 necessitate
501 909 613 993 legum
644 911 784 974 adactus
814 911 848 973 id
880 911 966 974 iacit.
1015 911 1104 973 unde
1133 911 1176 973 de
1206 909 1390 973 stabilitate
1427 923 1442 989 5

181 1009 352 1074 confidens
376 1014 524 1075 caritatis
552 1033 640 1094 quae
663 1033 798 1076 omnem
819 1013 970 1076 excludit
992 1013 1262 1086 controuersiam,
1281 1031 1390 1092 neque

183 1113 318 1176 ‘seruire
334 1115 367 1176 in
384 1115 540 1178 inuicem’
557 1135 681 1197 ponere
696 1115 836 1191 distulit,
854 1125 888 1178 et
904 1115 1040 1197 quidem
1056 1113 1257 1178 contrarium
1271 1114 1304 1176 id
1317 1133 1389 1176 esse

180 1212 326 1280 libertati
356 1217 456 1281 ualde
485 1219 600 1281 sciens
645 1218 755 1281 omnis
785 1217 873 1280 enim
904 1218 1041 1281 libertas
1078 1217 1164 1280 hanc
1193 1216 1388 1278 seruitutem

182 1318 323 1382 libenter
344 1321 444 1399 subit,
464 1341 504 1384 eo
527 1322 618 1402 quod
644 1341 703 1385 nec
727 1341 800 1384 mos
823 1329 873 1384 est
896 1322 1094 1404 obsequium
1118 1320 1249 1384 illorum
1273 1321 1330 1402 qni
1353 1341 1389 1382 se

182 1425 325 1508 diligunt
355 1425 501 1508 grauiter
531 1425 622 1500 serre,
653 1427 819 1507 siquando
849 1425 912 1490 sibi
950 1427 984 1489 in
1014 1425 1157 1488 inuicem
1195 1424 1445 1500 seruierint31o

182 1529 409 1608 pusillanimes
440 1547 519 1591 uero
549 1536 629 1592 tunc
659 1529 852 1603 efficiuntur,
883 1527 1020 1610 quando
1049 1527 1174 1590 seruitii
1206 1546 1290 1608 opus
1322 1545 1387 1588 non

180 1631 361 1694 secundum
377 1651 474 1694 suurn
491 1630 698 1714 propositum
720 1629 858 1712 implere
883 1631 1049 1693 uidentur.
1094 1628 1216 1692 deinde
1232 1637 1266 1691 et
1289 1627 1388 1690 latius

182 1733 327 1797 caritatis
343 1754 427 1815 opus
443 1733 625 1816 explicans,
640 1734 739 1797 dicit:

245 1891 351 1953 onmis
379 1891 465 1955 enim
495 1891 605 1956 lexin
635 1913 698 1956 meo
721 1893 816 1956 uerbo
840 1891 1012 1974 inpletur:
1043 1889 1176 1975 ‘diliges
1199 1893 1388 1974 proximum

184 1999 275 2054 lteram
290 1991 374 2054 sicul
387 1993 539 2074 teipsum!
1406 2003 1441 2068 15

249 2129 505 2209 ‘compendiose
530 2129 663 2214 (inquit)
687 2132 720 2194 in
743 2129 806 2195 hoc
828 2132 938 2194 omnis
957 2131 1040 2214 legis
1064 2131 1223 2214 impletur
1240 2133 1388 2197 intentio.

183 2247 260 2290 narn
277 2248 343 2292 non
360 2231 518 2306 occidere,
535 2251 642 2313 neque
657 2232 857 2296 adulterium
880 2233 987 2296 lacere
1008 2254 1069 2296 nec
1085 2233 1208 2297 lurtum
1228 2243 1262 2296 et
1283 2234 1390 2315 quod-

182 2350 325 2414 cumque
350 2333 420 2397 istis
436 2344 487 2398 est
502 2335 609 2398 simile
625 2357 711 2418 quae
726 2337 770 2400 ad
792 2338 1008 2401 nociuitatem
1027 2337 1167 2401 aliorum
1184 2337 1255 2402 lieri
1269 2340 1388 2416 solent,

182 2437 265 2502 haec
291 2439 347 2500 lex
374 2438 510 2520 quidem
538 2440 634 2502 minis
659 2450 693 2504 et
717 2442 896 2505 terroribus
921 2441 1076 2525 prohibet
1103 2441 1182 2517 lieri,
1203 2451 1237 2506 et
1260 2463 1321 2507 nec
1344 2443 1390 2506 sic

183 2542 278 2606 facile
293 2551 406 2624 potest
422 2542 495 2606 illos
511 2544 567 2625 qui
584 2545 757 2608 subiacent
772 2546 834 2608 sibi
854 2547 1027 2628 corrigere.
1073 2548 1193 2609 caritas
1214 2566 1293 2609 uero
1314 2566 1388 2611 curn
1405 2567 1446 2614 20

183 2647 275 2708 omui
301 2646 357 2709 illa
380 2645 602 2711 delectatione
628 2658 662 2711 et
693 2648 853 2711 facilitate
883 2659 917 2712 et
948 2648 1040 2712 omni
1071 2648 1189 2730 implet
1220 2649 1389 2713 instantia.

184 2751 306 2815 etenim
337 2753 490 2833 quisnam
514 2753 623 2832 modo
654 2754 798 2836 patietur
828 2774 946 2816 nocere
977 2750 1079 2828 illum,
1111 2773 1211 2833 quern
1243 2753 1391 2816 maxime

185 2855 315 2918 uidetur
330 2855 490 2938 diligere?
534 2858 643 2920 sedet
665 2857 753 2920 bona
774 2857 821 2920 illi
845 2866 1012 2939 praestare
1035 2876 1095 2937 pro
1117 2855 1234 2920 uirium
1256 2879 1389 2922 suarum

184 2957 415 3038 possibilitate,
440 2978 500 3039 pro
525 2978 591 3040 quo
621 2959 788 3023 amicitiae
819 2959 927 3041 legem
958 2959 1133 3022 adcelerat.
1178 2960 1225 3021 sic
1256 2969 1289 3023 et
1317 2961 1390 3024 illos

184 3061 240 3142 qui
257 3081 323 3123 non
340 3071 417 3125 sunt
432 3063 495 3125 sub
511 3060 594 3145 lege,
610 3063 768 3144 possibile
789 3071 840 3126 est
860 3061 916 3125 illa
939 3082 1026 3144 quae
1050 3063 1133 3144 legis
1149 3072 1227 3125 sunt
1244 3063 1389 3145 implere.
1405 3081 1442 3148 25

184 3169 304 3230 caritas
326 3166 414 3228 enim
438 3185 505 3229 non
529 3187 573 3230 ex
597 3167 671 3250 lege
691 3166 821 3249 impleri
842 3166 935 3242 solet,
952 3166 1011 3228 sed
1031 3163 1104 3228 solo
1125 3165 1226 3228 animi
1243 3168 1389 3232 arbitrio.

182 3271 270 3334 hanc
296 3277 408 3332 autem
433 3270 583 3350 sequitur
606 3271 801 3346 necessarie,
824 3279 861 3332 ut
891 3269 973 3351 legis
1003 3268 1142 3350 impleat
1173 3268 1391 3336 uoluntatem.

185 3373 334 3435 maxime
357 3381 468 3436 autem
494 3393 552 3434 uos
576 3371 722 3436 caritatis
744 3373 843 3435 decet
865 3371 1004 3452 implere
1027 3370 1146 3452 legem,
1167 3369 1223 3452 qui
1247 3370 1390 3435 suturam

234 3550 251 3595 4
267 3531 287 3582 si
299 3547 349 3581 non
361 3531 409 3582 hoc
420 3533 440 3581 si
455 3531 491 3582 C*
525 3531 546 3580 si
558 3547 608 3580 non
620 3532 653 3580 ΙΙ
748 3545 761 3592 5
781 3529 889 3580 stabilite
901 3529 935 3579 H
1040 3542 1053 3593 7
1071 3530 1096 3578 in
1110 3529 1161 3595 (bes
1165 3529 1282 3590 inuicem)
1294 3547 1332 3580 om
1344 3531 1392 3580 H·

184 3617 200 3666 8
218 3614 315 3663 liberati
329 3613 364 3662 θ’
495 3627 512 3677 9
529 3614 612 3662 subdit
623 3615 656 3662 H
666 3611 669 3678 Ι
685 3629 754 3662 more
767 3613 824 3678 [sor
833 3629 887 3661 mos
898 3611 945 3672 est)
959 3610 995 3661 C*
1033 3612 1098 3661 norit
1113 3611 1219 3672 Cicorr)
1254 3627 1347 3661 morem
1365 3613 1398 3661 Η

188 3711 218 3746 10
234 3693 497 3760 in(b1ffinuicemlom
512 3697 618 3756 C(corr)
710 3698 738 3746 18
755 3695 935 3744 nocibilitatem
950 3694 973 3742 C
982 3691 1054 3758 (corr)
1154 3709 1185 3742 υ
1202 3709 1225 3757 q.
1239 3709 1290 3742 non
1301 3695 1392 3744 solum·

185 3779 262 3829 modo
273 3779 381 3843 patietur
392 3794 442 3827 non
454 3793 543 3828 nocere
557 3778 664 3839 Cirorr)
762 3777 793 3827 26
810 3777 914 3842 implere
928 3777 949 3826 C
964 3773 1038 3839 (corr)
1143 3777 1174 3824 28
1192 3776 1299 3839 quael!

220 3943 243 3993 3.
286 3943 360 3992 neque
377 3927 471 3976 sentire
483 3929 557 3993 pipat,
575 3929 632 3990 dec]
674 3929 762 3978 tude:
812 3926 995 3988 θεων-καίπερ.

185 4009 198 4058 ὁ
221 4010 271 4070 ’γὰρ
295 4005 422 4070 alimonis
443 4005 545 4071 ἀγαπῶν
566 4010 620 4058 οὐδὲ
644 4011 763 4058 δουλεύειν
849 4025 887 4068 14.
921 4006 1047 4071 impletur]
1070 4007 1279 4069 πληροῦται-ὼε
1290 4009 1394 4074 reading

185 4090 339 4150 παραιτεῖται
350 4087 385 4149 τῷ
396 4091 537 4150 φιλουμένῳ.
814 4082 843 4137 of
857 4088 954 4152 Chrys,
967 4087 1045 4137 Thdt.
1080 4089 1116 4137 So
1128 4087 1181 4136 also
1198 4088 1241 4136 the
1254 4087 1328 4138 Latin
1340 4106 1391 4139 ver·

221 4183 242 4233 7.
287 4169 316 4217 r'n
338 4169 453 4231 inuicem]
497 4170 552 4219 The
574 4171 683 4220 lexicons
706 4171 764 4235 give
814 4172 888 4220 sions.

185 4271 240 4304 cxx.
255 4253 284 4302 ol
292 4253 333 4309 ab,
345 4251 386 4308 ad,
398 4266 452 4315 pro,
466 4250 580 4300 inuicem.
611 4251 763 4299 Iur'nuicem
850 4249 886 4302 16.
925 4251 1095 4314 competulmse]
1127 4251 1215 4300 Thdt:
1234 4253 1335 4300 δύνασθε
1354 4255 1393 4302 διὰ

185 4352 266 4387 seems
278 4345 304 4384 to
321 4335 393 4383 bein
411 4349 456 4382 our
473 4333 551 4382 MSS.
568 4349 600 4400 an
617 4332 763 4382 altematire
814 4333 858 4393 τῆς
874 4335 929 4392 μιᾶς
946 4336 1035 4393 ταύτης
1053 4331 1150 4391 ἐντολῆς
1167 4335 1249 4382 πάντα
1266 4333 1393 4394 πληρῶσαι

187 4419 250 4466 lomi
274 4416 312 4464 sor
329 4415 371 4464 the
393 4414 482 4479 simple
500 4415 611 4462 innisum.
653 4415 690 4461 El
710 4414 762 4476 qui·
814 4411 944 4474 τὸννόμον.
