3292 5206
175 394 286 478 11l9,
306 394 364 482 1o.]
526 411 568 462 m
593 411 647 462 nn
670 413 722 464 nn
746 413 1019 468 rnnrrrnnsns.
1318 419 1380 486 237

175 583 255 647 mihi
283 605 327 649 ex
354 587 427 670 lege
447 607 586 670 peccare
606 595 657 652 est
680 607 782 670 quam
803 589 919 673 dirigi?
964 601 999 656 et
1018 591 1225 657 manifestius
1249 591 1381 668 faciens,

175 706 262 769 quae
288 689 332 753 sit
362 689 418 752 illa
447 709 492 752 ex
519 691 595 753 Deo
622 690 757 768 iustitia,
783 712 870 775 quae
895 713 954 776 per
983 693 1091 757 illam·
1106 693 1207 758 iidem
1233 715 1322 777 quae
1349 695 1382 758 in

176 787 308 853 Christo
324 800 375 854 est
390 791 594 874 adquiritur:

241 947 277 1011 in
284 947 388 1032 fidem
404 961 441 1014 ut
454 971 635 1033 cogroscunt
645 971 723 1026 ¹eum
737 961 769 1014 et
782 951 938 1016 uirtutem
954 954 1196 1018 resurrectione
1209 953 1285 1020 eius.

241 1103 309 1146 non
330 1086 419 1148 dixit
434 1086 742 1150 ‘resurrectionem'
758 1087 817 1150 sed
833 1086 989 1150 uirtutem
1006 1089 1252 1153 resurrectionis.
1296 1107 1383 1169 quae
1420 1100 1436 1168 5

176 1194 227 1250 est
253 1198 365 1252 autem
393 1191 639 1254 resurrectionis
666 1192 736 1252 eius
766 1190 896 1253 uirtus?
952 1191 1111 1272 quoniam
1138 1212 1199 1275 pro
1228 1192 1383 1254 omnibus

176 1286 265 1353 facta
301 1300 352 1355 est
387 1301 425 1355 ut
456 1301 491 1356 et
520 1312 637 1356 omnes
667 1292 810 1355 similem
840 1293 1068 1374 adsequantur
1103 1295 1382 1356 resurrectionem.

175 1394 332 1458 ‘credens
348 1397 437 1459 enim
451 1395 585 1459 Christo
594 1395 696 1458 credo
709 1395 810 1459 etiam
828 1404 863 1458 et
877 1396 1035 1458 uirtutem
1049 1397 1297 1460 resurrectionis
1312 1396 1382 1459 eius

176 1512 385 1576 cognoscere,
400 1496 464 1560 hoc
487 1509 545 1572 est,
563 1498 702 1579 adsequi
723 1498 1018 1574 resurrectionem;
1042 1499 1075 1560 in
1098 1518 1165 1579 qua
1187 1499 1324 1563 effectus
1348 1500 1382 1562 in

177 1599 346 1663 inmortali
369 1609 404 1664 et
424 1600 607 1683 inpassibili
630 1610 749 1663 natura
772 1601 815 1662 ab
837 1600 929 1662 omni
951 1608 1091 1681 peccato
1111 1599 1193 1664 llber
1213 1621 1277 1675 ero,
1297 1599 1383 1664 ultra
1400 1623 1458 1671 10.

178 1721 246 1764 non
265 1703 416 1785 indigens
437 1703 554 1787 legem.
599 1723 661 1766 nec
684 1704 773 1765 enim
794 1712 892 1766 erunt
914 1711 1139 1766 consentanea
1161 1702 1260 1766 simul
1281 1706 1382 1767 etiam

177 1811 213 1866 et
233 1802 372 1867 affectus
393 1807 463 1868 eius
481 1825 582 1888 quam
599 1825 677 1887 erga
693 1804 802 1886 legem
818 1824 894 1868 cum
911 1803 1024 1868 labore
1040 1814 1074 1867 et
1090 1806 1209 1868 sudore
1225 1807 1383 1870 uirtutem

178 1925 252 1968 sum
275 1906 468 1982 directurus,
487 1908 546 1970 sed
568 1907 685 1970 diuina
706 1907 816 1989 gratia
837 1906 1030 1970 custodibor
1050 1906 1086 1968 in
1109 1907 1214 1983 bonis,
1230 1928 1270 1971 eo
1292 1908 1384 1990 quod

177 2017 258 2071 tunc
281 2028 342 2072 nec
362 2030 499 2091 peccare
517 2008 604 2073 ultra
625 2008 760 2092 potero!

225 2229 250 2273 4,
265 2223 278 2274 5
296 2211 477 2262 resum-uirt.
491 2227 529 2261 om
545 2212 793 2276 C1perkomoeofel]
897 2220 953 2276 yet
963 2219 991 2262 ut
1002 2228 1070 2262 omn.
1082 2213 1116 2262 H
1121 2229 1138 2262 r
1237 2227 1267 2264 ιο
1283 2211 1384 2262 immor-

177 2291 265 2341 taliar
347 2308 373 2343 rr
392 2293 447 2358 lege
461 2294 567 2356 C(corr)
579 2292 612 2358 νΙ
627 2303 697 2344 erant
711 2296 775 2344 CH
860 2310 888 2345 ro
906 2303 931 2344 et
943 2295 996 2359 (bes
1001 2295 1054 2360 nii.)
1066 2311 1105 2345 om
1117 2296 1152 2345 H

177 2480 312 2544 νόμοι...τῇ
329 2482 477 2545 κατορθώσει
496 2483 539 2543 τῆς
559 2483 646 2546 ἀρετῆς
665 2479 758 2533 denudo
803 2489 880 2533 aucto
887 2483 1032 2549 perscribas
1039 2499 1128 2535 errore.
1152 2483 1385 2550 'l‘heodomsserip-

176 2565 296 2626 ἐφαίνετο.
806 2566 838 2615 sit
846 2567 922 2626 πάθη,
935 2583 981 2631 pro
991 2583 1042 2631 quo
1052 2575 1138 2616 noster
1147 2566 1255 2628 affictus,
1268 2566 1385 2618 adiectiui

210 2667 232 2710 4.
270 2648 299 2696 in
302 2647 381 2712 fidem
393 2654 423 2696 ut
433 2647 580 2712 cognoscam]
615 2649 658 2708 So,
672 2647 692 2697 it
709 2663 757 2698 can
805 2653 965 2694 carucatam
975 2661 1053 2709 genus
1064 2661 1115 2694 non
1124 2653 1230 2695 mutans.
1257 2647 1306 2696 Pro
1314 2653 1387 2696 erant

177 2727 267 2791 hardly
278 2727 310 2778 be
321 2728 441 2788 doubted,
459 2744 498 2777 we
514 2729 592 2792 ought
609 2736 636 2778 to
652 2744 757 2792 arrange
806 2725 854 2790 leg.
867 2735 972 2787 erunt;
989 2742 1122 2791 proquem,
1133 2727 1285 2791 quoniam.
1302 2727 1385 2777 Theo-

177 2807 222 2857 the
231 2807 313 2856 words
322 2826 330 2868 ;
346 2822 429 2872 comp.
444 2808 487 2857 the
500 2824 591 2857 comm.
607 2808 659 2872 just
675 2808 758 2857 below
806 2808 883 2856 dorus
894 2807 960 2855 enim
972 2807 1035 2856 haec
1049 2823 1173 2872 exponere
1189 2807 1258 2856 uult:
1276 2808 1320 2856 Ad
1336 2816 1385 2857 sta·

178 2889 305 2950 (¹⁸credo
319 2889 394 2938 etiam
407 2897 431 2938 et
443 2890 560 2940 virtutem
573 2890 757 2940 resurrectionis
806 2895 859 2937 tum
872 2889 1066 2938 immortalitatis
1077 2896 1102 2938 et
1116 2889 1324 2940 immutabilitatis
1339 2905 1385 2940 nos

177 2968 231 3020 eius
239 2969 460 3034 cognoscere'’).
486 2971 516 3019 In
525 2971 756 3036 thisartangement
806 2976 940 3034 prouectos
951 2985 998 3019 nec
1008 2970 1139 3019 affectibus
1152 2969 1325 3028 stimulandos,
1338 2986 1385 3022 nec

178 3051 227 3102 Th.
245 3051 343 3101 follows
365 3053 455 3116 Chrys.
478 3052 532 3114 (ipo
555 3053 594 3100 διὰ
615 3054 719 3102 πίστεως
741 3051 758 3112 h
806 3051 832 3102 in
846 3053 990 3102 exercendis
1005 3051 1137 3101 uirtutibus
1151 3050 1308 3101 laboraturos
1322 3067 1384 3110 esse,

177 3134 284 3195 γνῶσις),
298 3132 349 3181 and
361 3132 381 3182 is
396 3131 514 3181 followed
526 3132 552 3181 in
563 3139 620 3181 turn
633 3132 667 3194 by
678 3131 756 3180 Thdt.
806 3134 850 3183 sed
862 3133 949 3182 diuino
959 3132 1083 3182 adiutorio
1100 3131 1153 3182 fore
1168 3139 1196 3181 ut
1207 3132 1291 3181 omnia
1302 3133 1385 3197 quiete

178 3215 249 3277 (erl
263 3210 295 3274 τῇ
313 3214 395 3263 πίστει
409 3215 452 3262 τοῦ
464 3215 555 3274 γνῶναι
571 3211 758 3264 αὐτόν’...ὥστε
806 3223 831 3266 et
842 3213 1058 3265 faciliteranobis
1071 3210 1159 3264 fiant.”
1192 3213 1242 3263 But
1252 3214 1351 3278 offano
1364 3214 1385 3265 is

177 3297 268 3358 γνῶναι
279 3295 318 3344 ne
329 3295 372 3354 τῆς
384 3295 487 3344 πίστεως
498 3297 543 3354 ὅτι,
558 3297 628 3344 κ.τ.λ.
806 3312 875 3346 more
886 3293 1009 3359 probably
1018 3290 1122 3344 διάθεσις
1133 3294 1185 3356 [see
1193 3292 1284 3350 below,
1293 3308 1318 3358 p.
1328 3309 1385 3356 240,

212 3391 233 3440 5.
275 3393 338 3440 quoe
355 3383 389 3426 est
407 3381 488 3423 autem
511 3391 556 3423 res.
576 3375 628 3424 eius
643 3373 756 3435 oiraat]
779 3429 783 3434 ,
806 3376 886 3439 1.15],
903 3377 953 3425 and
971 3375 1014 3424 the
1030 3374 1136 3438 original
1152 3389 1211 3438 may
1226 3374 1290 3423 have
1306 3375 1385 3424 been:

178 3457 265 3507 Thdt.:
289 3459 334 3516 τὴν
354 3458 403 3519 γὰρ
426 3455 522 3514 δύναμιν
540 3455 583 3512 τῆς
602 3452 757 3504 ἀναστάσεως
806 3459 833 3506 οὐ
853 3459 904 3520 γὰρ
923 3458 1051 3516 σύμφωνοι
1072 3458 1142 3505 ἔσται
1164 3457 1208 3518 [sc.
1226 3453 1258 3517 τῇ
1272 3455 1385 3519 ἀθανάτῳ

178 3539 251 3587 αὐτοῦ
266 3539 309 3587 τὸν
325 3539 435 3587 σκοπὸν
450 3533 756 3596 τῆςὼσστάσεωικέκλη·
806 3539 889 3602 φύσει]
909 3535 922 3588 ὅ
941 3538 1010 3598 νόμοι
1028 3535 1045 3598 ἥ
1065 3555 1094 3587 τε
1114 3537 1219 3589 διάθεσις
1240 3541 1283 3598 riis
1301 3537 1385 3602 ἀρετῆς

177 3637 224 3669 κεν.
266 3618 405 3669 lanfranc:
426 3617 565 3668 “Ambror.
589 3617 756 3666 Resurrectio·
805 3620 892 3678 ἐκείνης
914 3615 945 3677 ἢν
968 3615 1028 3668 κατὰ
1051 3618 1133 3676 νόμον,
1157 3621 1231 3667 κ.τ.λ.“
1264 3620 1318 3668 Lex
1338 3619 1385 3670 has

176 3702 216 3750 nis
228 3702 281 3752 eius
298 3701 375 3751 uirtus
392 3707 429 3750 est
445 3708 473 3750 ut
489 3715 577 3749 ornnes
593 3706 757 3764 assequantur
805 3699 869 3748 been
886 3698 991 3748 omitted
1009 3699 1116 3764 perhaps
1133 3699 1166 3764 by
1182 3700 1226 3750 the
1241 3701 1382 3762 translator,

177 3783 285 3833 similem
295 3781 524 3833 resurrectionem.’'
804 3779 912 3845 perhaps
929 3778 962 3844 by
979 3796 994 3829 a
1010 3779 1104 3838 scribet
1126 3781 1179 3830 eius
1194 3782 1384 3845 quam...m'rns·

210 3879 232 3931 p
269 3879 410 3928 cognoscere,
429 3865 453 3914 h.
469 3882 498 3924 a,
516 3863 629 3928 adseqm]
662 3864 753 3928 Comp.
804 3860 937 3908 tcm=eius
953 3860 1059 3909 uirtutis
1074 3875 1158 3924 mm.
1197 3861 1252 3910 The
1269 3870 1386 3913 sentence

177 3961 204 4010 p.
215 3945 267 4006 161,
282 3948 390 4009 iutro
400 3947 491 4008 γνῶναι
503 3947 556 3995 dni
567 3947 610 3994 τοῦ
618 3943 756 3994 ἀπολαῦσαι
804 3938 856 3988 will
876 3939 933 3988 thus
950 3955 1039 3989 mean:
1068 3943 1129 3990 ‘our
1148 3942 1385 3993 resurrection-state

179 4027 265 4087 λέγει).
805 4017 857 4068 will
870 4027 915 4068 not
930 4019 1072 4070 harmoniae
1084 4020 1145 4069 with
1160 4021 1203 4070 the
1216 4023 1291 4072 mode
1304 4022 1335 4072 of
1348 4032 1385 4074 at·

214 4121 251 4155 ιο.
285 4105 417 4154 ultranon
432 4106 544 4168 indagans
559 4103 642 4168 legem]
668 4105 716 4155 See
727 4121 752 4170 p.
805 4101 902 4166 taining
919 4108 945 4150 to
962 4101 1042 4151 virtue
1056 4102 1197 4166 prescribed
1215 4104 1250 4167 by
1268 4104 1310 4153 the
1328 4103 1385 4163 law,

177 4187 203 4246 8,
225 4187 251 4237 ll.
275 4199 372 4248 5-r5;
397 4187 447 4235 and
471 4187 514 4235 the
536 4185 596 4250 long
618 4187 756 4236 discussion
804 4182 888 4230 which
906 4181 1018 4232 involves
1040 4183 1087 4232 toil
1109 4183 1159 4230 and
1180 4183 1386 4249 labour-things

177 4267 260 4318 which
282 4267 332 4316 Th.
351 4265 429 4330 grans
450 4281 519 4330 upon
539 4265 597 4315 Gal.
617 4265 642 4315 ii.
664 4279 702 4329 15,
727 4265 755 4316 16
805 4265 934 4315 unknown
945 4273 972 4314 to
984 4264 1109 4314 immortal
1120 4265 1239 4314 natures.'

178 4347 231 4414 (pp.
245 4347 348 4411 μιᾳ).
840 4359 878 4408 ¹³·
900 4343 1044 4405 custoditor]
1086 4343 1126 4392 Cf.
1141 4343 1252 4404 Riinsch‚
1266 4343 1343 4406 Itala,
1357 4360 1384 4409 p.

214 4445 251 4480 ιι.
285 4445 327 4478 nec
347 4428 412 4478 enim
434 4427 490 4486 erit,
511 4425 570 4488 dte]
608 4427 646 4476 Dr
667 4427 756 4492 Jacobi
807 4441 861 4493 291.

178 4519 323 4562 annotates:
369 4508 471 4559 “uerba
507 4525 638 4574 perperam
673 4523 752 4568 uersa,
