3292 5206
164 419 337 506 1.21,'22.]
535 435 575 485 ru
600 435 652 486 nr.
676 437 726 485 nu
749 431 1027 500 corossausas
1309 435 1372 502 ²77

161 605 242 673 illud
258 609 348 690 quod
364 609 515 674 dixerat:
539 609 573 675 in
590 610 656 693 2‘pso
665 609 771 675 creata
782 620 860 676 suut
872 609 990 688 omnia,
1002 605 1135 692 quae'in'
1147 605 1247 674 caelz's'
1255 617 1375 672 suntet

160 727 243 790 quae
254 720 350 791 szqter
362 720 493 788 terram,
509 711 572 776 hoc
588 712 625 774 in'
637 711 711 776 lo'co
729 713 865 776 iterasse
879 713 1029 792 uidetur;
1056 722 1090 777 et
1110 719 1207 776 caute
1221 729 1372 793 compro-

161 811 256 876 bauit
278 815 436 896 quoniam
458 815 500 879 de
520 816 639 879 eodem
658 815 759 879 etiam
783 816 849 880 illic
870 817 1008 881 uerbum
1032 817 1147 881 secisse
1167 815 1307 893 uidetur,
1329 816 1372 879 de

162 935 229 998 quo
250 916 350 981 etiam
371 926 406 982 et
425 916 490 982 hoc
509 917 543 982 in
568 917 642 982 loco
664 918 791 982 dixisse
812 917 904 984 uisus
927 930 986 996 est,
1002 941 1102 1003 quem
1125 929 1160 986 et
1174 920 1373 1006 primogeni-

158 1027 233 1080 tum
250 1037 292 1082 er
303 1021 441 1084 mortuis
456 1021 643 1099 nominans,
659 1021 873 1088 manifestum
888 1034 940 1089 est
959 1024 1129 1100 hominem
1144 1038 1335 1113 susceptum
1351 1049 1372 1092 a
1408 1037 1424 1102 5

164 1120 260 1184 Patre
275 1121 322 1186 sic
340 1143 485 1189 uocasse.
529 1124 564 1188 in
583 1124 635 1188 his
656 1125 755 1208 igitur
774 1134 808 1191 et
828 1127 887 1192 illa
900 1147 986 1212 quae
1005 1150 1084 1213 erga
1103 1130 1271 1197 Christum
1293 1144 1371 1200 sunt

161 1229 341 1292 ostendens
377 1249 499 1312 magna
534 1239 567 1294 et
604 1229 884 1313 supereminentia
913 1240 948 1296 et
977 1231 1084 1296 multo
1114 1235 1240 1299 maiora
1269 1257 1370 1319 quam

161 1325 309 1393 humana
324 1331 386 1394 sibi
405 1331 553 1396 uindicat
569 1333 695 1409 natura,
711 1342 745 1396 et
760 1333 895 1415 quidem
911 1343 945 1398 et
960 1333 1225 1418 magnitudinem
1242 1337 1370 1402 illorum

162 1448 248 1511 quae
275 1452 334 1514 per
356 1453 432 1496 eum
453 1437 530 1496 'sunt
554 1433 706 1498 confecta
730 1456 774 1498 ex
799 1434 863 1499 illis
883 1455 969 1518 quae
991 1436 1159 1520 generalia
1181 1448 1259 1502 sunt
1282 1439 1370 1502 suffi-

163 1533 286 1598 cienter
300 1536 441 1600 edocuit.
472 1537 636 1602 conuertit
652 1558 730 1601 uero
745 1537 832 1602 ultra
847 1539 985 1602 uerbum
998 1542 1040 1605 ad
1056 1561 1170 1604 eorum
1186 1561 1371 1625 personam,
1389 1558 1429 1605 10

163 1657 204 1703 eo
234 1639 324 1720 quod
359 1640 457 1722 potiti
492 1641 645 1705 fuissent
665 1641 746 1705 illud
781 1641 979 1707 beneficium
1009 1645 1100 1726 quod
1131 1647 1164 1709 in
1194 1667 1371 1714 commune

163 1744 319 1808 omnibus
334 1743 503 1808 conlatum
519 1755 578 1822 est,
596 1746 642 1809 ita
657 1755 694 1809 ut
717 1765 785 1808 non
807 1745 915 1809 solum
939 1767 983 1810 ex
1006 1748 1240 1813 communione
1255 1771 1313 1814 eos
1328 1751 1371 1816 ad

163 1845 381 1909 reuerentiam
406 1847 585 1911 adduceret
609 1857 645 1911 ut
669 1848 713 1912 ab
736 1847 793 1911 illa
815 1847 880 1912 fide
904 1849 1046 1930 quaein
1073 1848 1205 1914 Christo
1227 1860 1278 1916 est
1304 1873 1372 1916 non

162 1944 379 2022 discederent,
403 1949 462 2011 sed
487 1957 520 2013 et
547 1948 589 2012 de
614 1948 676 2012 illis
700 1970 788 2031 quae
811 1952 993 2014 secundum
1018 1972 1076 2015 eos
1100 1961 1186 2029 sunt,
1207 1953 1372 2036 siquidem

163 2059 198 2114 et
214 2049 277 2132 ipsi
292 2051 422 2134 magnis
437 2060 514 2115 sunt
529 2051 695 2116 beneficiis
710 2073 787 2116 curn
803 2053 919 2118 ceteris
934 2053 1124 2120 sublimati:
1391 2055 1426 2140 1'5

161 2211 165 2220 '
229 2209 262 2263 et
285 2220 342 2264 uos
365 2199 638 2282 aliquandocum
663 2201 771 2265 essetis
794 2199 933 2265 alienati
951 2211 983 2264 et
1008 2200 1135 2266 inimici
1157 2201 1314 2267 intellectu
1339 2203 1373 2268 in

164 2299 309 2382 operibzu
338 2302 442 2379 malis,
474 2321 560 2365 nunc
587 2323 661 2366 uero
690 2303 909 2367 reconciliauit
937 2303 972 2366 in
1001 2315 1125 2386 corpore
1156 2305 1265 2369 carnis
1297 2327 1375 2370 suae

157 2416 220 2487 per
242 2417 383 2486 mortem,
410 2417 449 2472 ut
471 2407 629 2474 exhiberet
653 2428 710 2470 uos
734 2417 858 2472 sanctos
881 2418 913 2472 et
938 2407 1161 2472 immaculatos
1182 2419 1213 2472 et
1236 2409 1375 2492 inrepre-

157 2511 333 2577 ¹lrensibiles
352 2533 461 2577 coram
482 2533 523 2578 se.

229 2631 380 2695 similiter
404 2630 611 2713 sequentiam
642 2631 772 2699 illorum
802 2651 888 2713 quae
918 2630 949 2695 in
982 2629 1203 2714 Ephesiorum
1234 2632 1374 2715 epistola
1389 2649 1432 2696 20

164 2736 347 2818 scripserat,
366 2736 468 2799 etiarn
484 2734 538 2798 hic
558 2755 707 2798 seruasse
728 2733 879 2810 uidetur;
911 2754 989 2797 nam
1013 2743 1047 2798 et
1069 2734 1103 2797 in
1127 2733 1190 2798 illis
1211 2733 1267 2798 ilia
1286 2756 1375 2817 quae

167 2837 209 2900 de
226 2837 357 2902 Christo
378 2847 456 2900 sunt
476 2837 628 2919 primitus
651 2835 826 2919 magnifice
847 2835 998 2913 reserens,
1018 2836 1096 2899 dein
1115 2835 1260 2899 adiciens
1281 2834 1374 2898 illam

165 2941 323 3004 ecclesiae
352 2939 598 3023 copulationem
628 2960 714 3022 quae
744 2939 787 3002 ad
817 2960 893 3003 eum
924 2939 1012 3003 sacta
1040 2949 1100 3016 est,
1127 2940 1171 3003 ad
1202 2939 1259 3003 illa
1287 2961 1374 3023 quae

166 3029 323 3124 specialia
352 3052 429 3106 sunt
464 3040 636 3118 transiens,
666 3050 868 3104 memoratus
901 3050 951 3104 est
981 3061 1138 3123 personas
1169 3039 1299 3104 iliorum
1329 3042 1373 3106 ad

165 3168 251 3230 quos
280 3145 455 3230 epistolam
490 3145 665 3222 scribebat,
695 3145 829 3208 dicens:
865 3154 898 3209 et
929 3165 986 3207 uos
1014 3142 1137 3207 mortui
1165 3165 1237 3208 cum
1266 3145 1374 3209 essetis
1387 3163 1426 3230 25

165 3250 288 3317 delictis
301 3261 332 3316 et
338 3249 475 3336 peccatis
490 3249 614 3327 rustris,
628 3247 792 3332 inquibus
806 3247 981 3330 aliqrusndo
995 3246 1188 3310 ambulastis
1200 3248 1373 3312 secundum

164 3353 324 3418 saeculum
345 3351 461 3418 mundi
479 3351 587 3428 hairu,
603 3358 637 3414 et
652 3360 769 3416 cetera.
813 3351 860 3414 sic
879 3358 913 3415 et
932 3348 1044 3413 hocin
1067 3349 1139 3414 loco
1154 3348 1297 3413 referens
1317 3350 1373 3415 illa

165 3480 252 3542 quae
277 3458 459 3523 secundum
490 3455 658 3522 Christum
685 3463 770 3531 sunt,
795 3453 891 3517 sicuti
920 3462 954 3516 et
981 3453 1090 3516 referri
1120 3451 1372 3532 conueniebant,

165 3561 286 3627 deinde
302 3560 447 3626 adiciens
468 3557 560 3623 illam
580 3557 739 3622 ecclesiae
758 3556 1004 3641 copulationem
1026 3576 1112 3639 quae
1132 3556 1174 3620 ad
1191 3576 1266 3620 eum
1283 3555 1372 3622 sacta

216 3723 420 3789 acornprobabit
434 3721 470 3773 θ’
560 3721 671 3785 7multa
684 3721 720 3772 C·
811 3722 869 3772 8et
882 3719 925 3787 (αθ)
938 3737 977 3771 om
992 3721 1098 3783 Cicer-r)
1192 3735 1218 3784 ¹5
1236 3719 1320 3785 magni
1334 3720 1371 3771 C*

168 3821 198 3870 27
215 3803 396 3858 inhoclocor
1313 3809 1316 3816 '

199 3971 223 4006 a.
247 3956 289 4006 hoc
300 3956 330 4005 in
341 3955 492 4005 hcoitme
500 3955 611 4016 ur'elrtm]
634 3956 690 4015 Ι.α.,
700 3955 743 4006 the
792 3955 814 4005 is
824 3971 840 4005 a
850 3955 960 4020 singular
971 3953 1069 4019 phrase,
1079 3954 1128 4004 and
1141 3952 1251 4024 possibly
1259 3970 1292 4004 an
1304 3969 1371 4006 error

166 4054 222 4090 new
230 4041 340 4089 creation
351 4035 494 4100 [ἀνάκτιαις]
505 4038 531 4087 in
540 4037 624 4088 Christ
636 4037 742 4088 referred
792 4035 831 4085 ior
841 4051 901 4085 stuc.
916 4051 932 4084 α
950 4035 1032 4084 Verbo.

165 4131 193 4173 to
204 4123 263 4172 inv.
275 4119 304 4171 16
315 4121 337 4171 is
346 4121 465 4171 identical
473 4121 534 4171 with
545 4121 589 4170 the
599 4121 742 4170 reconcilia·
828 4134 864 4182 15.
895 4117 1034 4180 sublinmtt']
1077 4117 1119 4168 Cf.
1151 4116 1263 4179 Rtinsch,
1291 4119 1367 4181 Itala,

165 4205 218 4256 tion
229 4204 337 4270 through
350 4205 413 4252 Him
428 4203 478 4253 and
493 4210 521 4253 to
537 4203 599 4252 Him
612 4203 742 4252 described
792 4217 816 4266 p.
834 4199 898 4266 169..

164 4289 280 4339 inmo
314 4285 380 4335 Both
393 4285 506 4335 embraee
517 4285 600 4349 things
611 4283 640 4333 in
652 4285 742 4334 heaven
828 4281 867 4332 16.
899 4279 1030 4341 baellectu]
1073 4275 1106 4342 τῇ
1132 4280 1232 4341 διανοίᾳ.
1281 4280 1367 4346 vulg„
1433 4321 1436 4327 .

165 4385 193 4420 as
207 4369 264 4418 well
281 4383 308 4417 as
325 4366 409 4430 things
424 4381 456 4414 en
472 4365 552 4426 earth,
569 4366 620 4416 and
637 4366 663 4415 in
680 4366 743 4416 both
795 4362 916 4414 “sensu’'
953 4363 987 4413 Ut
1007 4361 1145 4419 exhibere&
1169 4361 1257 4426 Vuig.‚
1278 4364 1369 4415 “exhi-

165 4453 184 4502 it
195 4451 216 4500 is
227 4449 270 4500 the
286 4450 357 4499 honto
370 4454 491 4512 susceptus
502 4448 560 4498 who
571 4448 591 4496 is
603 4449 645 4498 the
658 4457 742 4499 centre
791 4447 850 4497 bere
858 4445 872 4469 ”
884 4441 1069 4511 (παραστῆσαι).

164 4531 214 4582 and
229 4530 319 4596 sphere
334 4529 364 4579 oi
378 4528 420 4578 the
435 4527 513 4580 work.
549 4529 616 4578 Susc.
636 4545 652 4578 a
669 4529 744 4578 Patre
826 4543 864 4592 25.
893 4525 1079 4587 ctuosnwtrm',
1093 4525 1151 4588 dio]
1185 4525 1252 4591 Eph.
1265 4527 1291 4578 ii.
1306 4543 1327 4578 r.
