3342 5224
138 394 184 460 11.
205 395 352 480 11—14.]
549 407 590 458 in
614 407 667 460 nn
689 405 740 456 nn
763 405 939 457 cnunrns.
1306 411 1323 458 2
1329 413 1346 475 3

136 581 291 647 lauerunt
315 603 376 666 pro
400 582 540 646 aliorum
569 581 722 659 utilitate,
747 591 824 646 sunt
849 601 926 646 uere
957 581 1093 665 quidem
1125 579 1276 659 mirandi,
1307 603 1348 646 eo

138 687 229 769 quod
254 687 368 750 omnia
392 687 435 750 ad
466 685 606 750 aliorum
633 684 811 749 utilitatem
842 685 950 749 facere
983 685 1247 767 adquieuerunt;
1277 684 1348 748 siue

137 789 218 869 qnia
239 789 356 852 Petrus
381 788 512 852 illorum
534 807 646 851 curam
670 788 797 851 habens
818 789 875 870 qui
898 807 943 850 ex
967 789 1101 852 Iudaeis
1127 788 1347 866 crediderant,

137 893 229 956 uisus
260 901 311 957 est
340 913 376 956 se
405 893 560 958 cohibere
584 913 605 955 a
630 891 865 954 communione
887 889 1017 954 illorum
1041 891 1099 973 qui
1126 912 1170 954 ex
1192 891 1348 974 gentibus

137 995 402 1059 erant—Paulus
426 1015 506 1058 uero
529 994 647 1058 horum
674 995 731 1076 qui
752 1015 796 1056 ex
816 995 972 1077 gentibus
995 993 1204 1059 crediderant
1234 1016 1346 1060 curam
1385 1001 1399 1068 5

137 1097 275 1175 habens,
305 1097 464 1161 resultare
490 1106 524 1161 et
549 1117 686 1180 arguere
716 1118 792 1161 eum
820 1098 853 1161 in
879 1098 998 1162 faciem
1026 1118 1092 1162 non
1116 1099 1232 1182 piguit,
1268 1101 1347 1163 utri-

139 1227 205 1290 que
228 1217 305 1272 sunt
328 1206 513 1272 demirandi
536 1208 580 1272 de
602 1209 669 1271 suis
690 1209 863 1272 sententiis
887 1216 921 1272 et
943 1209 1093 1274 arbitriis.
1130 1209 1185 1274 hic
1210 1210 1347 1293 quidem

139 1309 197 1390 qni
227 1309 538 1391 praehonorandam
576 1310 731 1373 omnibus
760 1310 902 1374 credidit
932 1296 1117 1389 ueritatem,
1148 1321 1182 1376 et
1212 1323 1349 1397 propter

139 1413 226 1478 hanc
249 1434 316 1478 non
337 1415 444 1497 piguit
467 1435 528 1478 nec
549 1413 763 1498 praecellenti
786 1414 905 1496 insigni
927 1413 1156 1496 apostolorum
1175 1416 1208 1478 in
1229 1417 1348 1480 faciem

140 1517 313 1594 resistere;
348 1517 402 1580 ille
426 1537 512 1594 uero,
537 1517 615 1582 licet
639 1519 808 1581 uideretur
831 1518 934 1600 argui,
955 1527 1069 1582 tamen
1092 1518 1148 1601 qui
1170 1521 1349 1602 adquieuit,
1368 1535 1406 1582 10

141 1629 252 1684 totum
274 1620 381 1684 ferens
398 1621 558 1698 'silentio;
581 1630 615 1685 et
638 1621 775 1703 quidem
799 1641 843 1684 ex
867 1621 981 1684 multis
1004 1623 1146 1705 negotiis
1169 1625 1349 1707 primatum

142 1723 206 1786 sibi
242 1724 407 1787 sufficiens
442 1725 622 1804 uindicare,
657 1723 715 1787 illa
750 1744 837 1806 quae
874 1743 954 1807 erga
988 1745 1025 1788 se
1062 1725 1192 1790 fuerant
1230 1725 1351 1790 nullius

141 1828 304 1891 momenti
340 1829 465 1892 faciens
498 1831 675 1892 ueritatem
700 1827 894 1891 hominibus
925 1827 1238 1910 praehonorandam
1277 1837 1349 1912 e'sse

143 1931 357 1996 existimauit.
404 1931 562 2016 quoniam
589 1941 702 1995 autem
730 1932 901 1994 contentio
927 1931 1059 1996 illorum
1087 1933 1212 1997 nnllam
1237 1933 1351 2001 fecerit

144 2034 398 2116 separationem,
415 2053 595 2097 consensus
615 2053 729 2096 eorum
750 2033 784 2096 in
805 2043 1031 2116 consequente
1045 2045 1197 2118 tempore
1212 2036 1352 2100 demon·
1369 2048 1403 2116 15

143 2137 271 2201 strauit.
308 2139 336 2200 si
353 2138 440 2200 enim
458 2135 692 2200 uilissimorum
709 2134 884 2199 hominum
904 2136 1094 2202 differentia
1109 2148 1143 2202 et
1158 2139 1201 2202 de
1222 2138 1348 2204 friuolis

143 2239 242 2304 rebus
270 2240 359 2305 facta
394 2261 494 2323 saepe
522 2240 692 2303 uniuersas
722 2243 891 2323 separauit
922 2240 1100 2320 ecclesias;
1132 2243 1352 2326 quemadmo-

143 2344 225 2407 dum
256 2343 374 2408 talium
404 2342 577 2408 contentio
607 2351 641 2406 et
671 2342 715 2405 de
744 2342 869 2407 talibus
899 2345 1044 2428 negotiis
1073 2345 1201 2425 effecta,
1226 2348 1254 2412 si
1284 2369 1352 2412 non

143 2468 323 2514 consensus
345 2445 569 2511 interfuisset?
615 2447 730 2528 utique
749 2466 907 2529 magnam
931 2450 1082 2512 omnium
1105 2448 1237 2514 fecisset
1257 2472 1353 2535 sepa-

144 2552 317 2626 rationem,
341 2549 433 2613 nullo
464 2549 551 2613 ultra
580 2550 763 2613 sufficiente
801 2550 1001 2634 coniungere
1033 2554 1171 2617 scissam
1203 2553 1353 2619 multitu·
1368 2574 1410 2621 20

143 2656 266 2730 dinem,
283 2675 369 2737 quae
385 2675 429 2718 ex
445 2652 577 2717 illorum
592 2655 819 2718 controuersia
832 2655 935 2718 semel
952 2655 1060 2720 fuerat
1075 2667 1241 2741 separata
1274 2659 1355 2722 utri-

197 2892 207 2926 1
231 2873 338 2924 mirandi
354 2872 456 2938 quidem
472 2871 506 2922 H
601 2873 735 2939 7quidam
753 2875 787 2925 H
883 2889 913 2926 ιο
932 2876 975 2941 qui
992 2891 1032 2925 om
1054 2876 1164 2943 Chim)
1183 2881 1359 2943 tamenqueH

148 2969 176 3020 15
195 2955 357 3021 consequenti
377 2956 398 3006 C
414 2951 487 3019 (corr)
503 2952 702 3018 ldemonstrabit
717 2955 751 3005 H
838 2967 866 3018 17
886 2971 960 3022 saepe
977 2973 1016 3006 om
1032 2956 1080 3006 H*
1170 2971 1201 3009 nc
1216 2958 1281 3009 ultro
1296 2961 1360 3010 CH

147 3051 175 3088 nr
195 3037 238 3103 qui
251 3036 286 3086 H

145 3217 227 3268 friend
238 3217 268 3268 of
276 3217 459 3283 Chrysostom”
471 3217 540 3281 [who
551 3217 603 3268 had
616 3217 727 3284 strongly
778 3227 878 3286 temque
890 3217 1009 3282 seruare”
1021 3217 1075 3285 (defi
1088 3220 1125 3270 ὥ·
1136 3227 1204 3286 capp.
1216 3237 1239 3273 x.
1256 3219 1290 3286 ο).

146 3303 300 3353 maintained
310 3303 430 3369 Jerome's
441 3305 515 3364 view,
527 3305 581 3355 that
595 3305 638 3355 the
654 3321 727 3355 scene
811 3303 974 3354 Theodoret's
985 3305 1157 3369 expositionis
1173 3306 1357 3370 unfortunately

146 3392 173 3435 at
186 3385 296 3434 Antioch
307 3400 359 3434 was
369 3386 546 3450 pre-umged
557 3385 670 3436 between
685 3387 728 3436 the
778 3383 881 3450 missing
897 3385 960 3434 from
976 3401 1001 3434 v.
1018 3384 1035 3435 6
1051 3393 1078 3435 to
1093 3401 1118 3436 v.
1139 3400 1167 3448 13
1183 3386 1302 3437 inclusive
1315 3385 1356 3452 (cf.

146 3469 216 3534 App.
230 3469 269 3518 for
280 3468 440 3534 thegoodof
453 3469 496 3518 the
508 3469 628 3531 Church].
657 3469 728 3520 This
780 3467 873 3530 Migne,
892 3467 923 3516 P.
939 3468 967 3516 G.
986 3469 1026 3527 82,
1047 3482 1084 3529 11,
1105 3465 1154 3533 13).
1197 3469 1247 3519 But
1263 3470 1302 3520 his
1320 3487 1356 3520 re·

147 3565 206 3599 own
214 3549 346 3614 judgment
357 3557 527 3599 seemstome
538 3559 565 3599 to
576 3550 633 3600 lean
645 3557 671 3600 to
685 3550 728 3600 the
778 3549 850 3598 mark
873 3565 906 3598 on
924 3565 948 3598 v.
972 3564 1002 3611 14
1024 3547 1047 3613 (d
1069 3550 1096 3598 δὲ
1116 3551 1194 3612 μέγας
1216 3549 1356 3614 Πέτροςτῇ

147 3631 201 3681 side
213 3632 243 3681 of
249 3631 398 3696 Angustiae,
411 3633 456 3682 but
467 3648 494 3682 as
505 3648 538 3681 an
553 3634 680 3698 expositor
695 3633 728 3682 he
779 3629 839 3692 σιγῇ
850 3633 915 3693 κυροῖ
925 3625 957 3678 τὰ
968 3631 1095 3693 λεγόμενα,
1105 3633 1231 3693 μονονουχὶ
1245 3633 1354 3693 λέγων...

147 3712 282 3761 iscontent
294 3720 320 3762 to
331 3711 402 3776 point
413 3719 457 3760 out
469 3712 511 3761 the
526 3713 629 3778 bearing
643 3713 673 3762 of
685 3713 728 3762 the
778 3713 815 3762 ὅτι
833 3715 911 3762 hrota
928 3711 1098 3779 ἐπιμέμφεται)
1114 3715 1172 3764 well
1182 3716 1284 3766 accords
1295 3717 1356 3765 with

147 3794 261 3844 incident
282 3809 316 3843 on
333 3795 376 3843 the
395 3793 468 3858 Ap’s
486 3803 625 3860 argument.
663 3795 728 3845 Itis
778 3793 849 3845 Th's
864 3797 927 3845 view
943 3796 973 3845 of
985 3797 1027 3846 the
1044 3795 1168 3856 incident3
1186 3813 1227 3848 see
1243 3797 1296 3848 also
1313 3797 1355 3848 the

148 3877 295 3941 interesting
307 3885 332 3926 to
342 3877 394 3926 find
404 3878 536 3928 Facundus
549 3879 579 3928 of
591 3879 728 3929 Hermione
778 3875 829 3926 refs.
843 3876 918 3940 given
929 3876 963 3940 by
975 3877 1013 3925 Dr
1025 3876 1055 3926 L.
1067 3878 1084 3928 Ι.
1098 3894 1119 3928 c.

147 3957 265 4022 (referred
281 3966 309 4009 to
324 3957 408 4023 byDr
423 3959 451 4009 Ι.
466 3959 483 4010 l.
498 3958 528 4024 c.)
541 3961 697 4024 discovering
712 3977 728 4010 a
814 3971 834 4007 1.
881 3958 977 4022 quidem
1010 3958 1136 4020 mirandi]
1188 3956 1236 4010 See
1263 3975 1303 4010 vv.
1326 3959 1354 4010 ll.

147 4041 253 4108 parallel
270 4049 296 4092 to
312 4041 355 4092 the
372 4043 520 4092 submission
534 4044 564 4093 of
577 4043 604 4094 S.
617 4045 691 4095 Peter
701 4045 727 4094 in
780 4037 890 4104 Perhaps
901 4039 943 4088 the
954 4041 1087 4089 translator
1096 4045 1174 4091 wrote
1186 4041 1244 4090 mir.
1253 4041 1355 4105 quadam

148 4127 192 4178 the
203 4125 328 4176 readiness
339 4125 399 4174 with
417 4125 498 4175 which
515 4125 647 4177 theodore
663 4127 727 4176 him·
779 4118 917 4184 (θουμιίσιοί
929 4119 1015 4184 τινες);
1032 4121 1063 4171 cf.
1075 4137 1100 4186 p.
1115 4137 1152 4185 30,
1167 4122 1183 4172 L
1197 4143 1220 4186 4,
1233 4131 1300 4173 note.

148 4209 199 4259 self
205 4208 257 4258 had
267 4207 518 4268 receivedarebuke,
531 4207 582 4258 and
593 4207 728 4273 readings
812 4215 836 4266 5.
866 4203 1067 4268 *Paulus...non
1091 4203 1184 4268 pigarr't]
1217 4201 1260 4254 οὐκ
1281 4203 1354 4265 ὤκνη-

147 4289 241 4338 lecture
258 4287 322 4336 from
339 4287 388 4336 this
404 4301 508 4352 passage
524 4293 552 4336 to
568 4286 727 4353 Th'soppo-
779 4283 870 4350 οεοῦ).
903 4284 943 4333 Cf.
956 4301 982 4350 p.
993 4299 1033 4345 eo,
1047 4285 1064 4334 i.
1079 4299 1116 4335 11.

146 4375 236 4418 neum:
265 4367 316 4416 “in
338 4367 473 4418 Theodoro
493 4368 588 4418 discere
610 4369 727 4418 obstinati
812 4379 836 4428 9·
864 4365 1023 4430 praecellenti
1042 4365 1149 4431 insigni]
1177 4365 1259 4416 Pitra:
1280 4367 1359 4416 ‘'uox·

147 4451 282 4515 dignentur
296 4450 372 4499 etiam
389 4449 421 4500 de
438 4449 503 4500 facili
520 4449 591 4514 lapsu
608 4452 728 4502 sermonis
779 4447 867 4496 ultima
893 4447 1018 4512 glossema
1039 4448 1129 4512 sapit.”
1175 4449 1214 4498 Cf.
1237 4449 1354 4498 however

147 4529 270 4578 admoniti
292 4529 455 4594 apostolicam
476 4531 624 4580 modestiam
650 4530 726 4595 pieta·
779 4548 804 4596 p.
818 4545 840 4594 5,
853 4531 869 4580 l.
888 4529 924 4588 16,
937 4539 1003 4580 note.
