3332 5210
171 371 209 437 V.
226 391 256 455 9,
277 373 335 457 ro]
578 389 618 438 ru
644 388 696 440 aa.
719 389 770 438 An
793 388 968 440 omanis.
1334 391 1372 454 91

236 556 318 620 haec
335 557 406 622 uult
421 559 545 625 dicere:
568 562 727 643 quoniam
745 559 782 644 †‘
790 561 898 646 gratia
914 570 984 626 erat
1008 560 1072 624 Dei
1090 570 1126 624 ut
1149 567 1284 623 uocaret
1307 578 1375 632 uos,

171 661 262 744 quod
286 671 320 725 et
340 661 427 738 fecit,
450 663 535 726 dans
557 663 700 746 Spiritus
721 665 828 729 sancti
855 666 1009 748 gratiam,
1037 664 1236 747 promittens
1257 662 1375 725 sutura.

172 783 249 828 nam
277 785 471 846 permanere
496 766 610 830 firmos
638 769 671 830 in
703 767 777 842 fide,
802 788 868 831 non
893 778 963 832 erat
988 767 1083 842 illius,
1109 766 1168 830 sed
1194 761 1375 828 uestrum*

172 863 235 930 hoc
251 867 339 930 enim
363 867 472 932 solum
494 869 642 933 conferre
663 891 723 934 uos
744 871 985 950 conueniebat3
1010 871 1140 933 residua
1162 889 1240 932 uero
1263 867 1377 930 omnia

172 991 215 1032 ex
240 969 327 1034 illius
354 971 558 1036 accedebant
584 975 699 1055 gratia
744 983 778 1038 et
805 995 881 1039 ecce
906 984 939 1039 et
963 973 1027 1038 hoc
1050 973 1157 1038 iacere
1180 969 1374 1036 distulistis’
1414 986 1429 1052 5

81 1119 87 1128 .
172 1073 295 1136 deinde
310 1073 474 1157 malitiam
490 1076 671 1139 admissam
688 1075 858 1159 detegens,
874 1077 995 1140 adicit:

175 1195 180 1206 ¹
237 1209 395 1274 rnodz'cum
402 1212 605 1293 fermentum
621 1221 721 1276 totam
737 1234 880 1276 massam
889 1213 1077 1294 fermentat.

237 1342 321 1400 ‘non
337 1337 445 1404 solum
463 1337 520 1403 illa
535 1359 622 1421 quae
637 1337 721 1403 fiunt
741 1337 857 1415 defleo,
873 1339 932 1402 sed
949 1338 1006 1402 illa
1022 1359 1108 1421 quae
1128 1336 1206 1400 hinc
1226 1335 1376 1399 oriuntur

173 1438 377 1520 pertimesco.
422 1440 574 1503 doctrina
600 1441 689 1503 enim
717 1461 783 1503 non
814 1441 912 1517 bona,
939 1440 1042 1504 semel
1067 1440 1265 1523 principium
1295 1439 1375 1502 mali

172 1543 346 1624 accipiens,
362 1553 579 1626 augmentum
596 1544 793 1626 intempore
809 1545 871 1607 scit
887 1543 1078 1626 adquirere.¹
1394 1557 1432 1605 10

237 1653 271 1707 et
287 1655 323 1707 ut
340 1666 380 1708 ne
397 1645 628 1710 aestimaretur
642 1666 708 1709 non
726 1647 849 1710 bonam
870 1647 914 1708 de
937 1645 1002 1708 illis
1019 1644 1141 1708 habere
1156 1664 1260 1728 spem,
1277 1642 1376 1708 simul

173 1756 206 1810 ct
222 1767 343 1810 sanans
359 1768 416 1811 eos
433 1749 552 1812 adicit:

236 1925 291 1987 ego
304 1906 424 1989 confido
439 1907 474 1969 iu
489 1906 579 1970 ciebis
593 1906 628 1970 iu
644 1907 786 1970 Douu'uo
801 1905 954 1989 quoru'am
970 1905 1058 1969 rrr'lcil
1068 1904 1167 1968 aliud
1177 1904 1317 1987 sapietis.

237 2041 402 2105 sufficiens
428 2052 497 2106 crat
524 2042 662 2106 Galatas
690 2043 906 2126 desperantes
937 2039 1133 2104 confirmare
1158 2050 1192 2103 et
1220 2041 1376 2103 reducere

172 2144 216 2205 ad
234 2143 310 2208 fidei
328 2146 564 2230 integritatem,
581 2146 728 2229 eoquod
744 2157 778 2210 et
796 2147 919 2209 Paulus
943 2146 1031 2209 bona
1051 2144 1094 2208 de
1116 2144 1181 2208 illis
1206 2145 1374 2227 sperabat.
1395 2159 1429 2225 15

172 2249 215 2312 ad
233 2249 315 2312 haec
330 2271 448 2314 curans
465 2250 613 2326 Galatas,
629 2250 826 2313 aduersariis
843 2271 915 2313 sese
931 2249 1060 2313 inuehit
1075 2249 1211 2313 dicens:

235 2405 296 2488 qui
306 2416 413 2471 aretem
427 2408 597 2472 conturbat
610 2429 674 2483 uos,
684 2407 831 2490 portabit
846 2407 1013 2484 iudicium,
1030 2407 1221 2489 quicumque
1233 2415 1281 2469 est
1296 2405 1361 2470 illc.

238 2541 459 2607 demiratione
487 2545 625 2627 dignum
657 2554 708 2608 est
738 2545 829 2627 quod
861 2544 968 2607 dixit:
1007 2541 1196 2626 quicumque
1223 2533 1271 2605 cst
1300 2541 1378 2618 ille,

171 2645 352 2708 ostendens
378 2649 537 2729 quoniam
569 2668 635 2712 non
666 2659 799 2712 ueretur
829 2668 1018 2730 personam,
1050 2649 1188 2729 quando
1226 2648 1377 2710 ueritatis

171 2747 348 2811 discutitur
374 2753 466 2814 ratio.
512 2761 546 2814 et
570 2753 729 2834 quoniam
760 2751 961 2832 interposuit
990 2747 1166 2812 consilium
1191 2748 1283 2830 quod
1313 2749 1434 2816 iilis20

171 2849 284 2924 dabat,
314 2871 375 2914 sua
405 2853 580 2916 euidenter
608 2853 851 2935 comprobauit.
897 2853 1017 2914 iterum
1049 2849 1092 2914 ad
1119 2850 1378 2914 circumcisionis

238 3077 295 3157 τῆς
310 3075 445 3166 χάριτος
466 3076 540 3142 θεοῦ
561 3074 602 3158 ἦν
624 3075 661 3142 τὸ
682 3075 830 3155 καλέσαι,
847 3077 885 3143 τὸ
906 3075 1014 3143 δοῦυοι
1034 3081 1092 3144 τοῦ
1117 3078 1298 3162 πνεύματος
1322 3073 1381 3155 τὴν

171 3177 278 3267 χάριν,
295 3178 504 3270 ὑποσχέσθαι
518 3179 559 3245 τὰ
575 3179 747 3260 μέλλοντα·
762 3179 800 3245 τὸ
818 3179 928 3264 μέντοι
946 3177 1050 3262 μένειν
1069 3181 1226 3258 βεβαίους
1246 3178 1302 3244 ἐπὶ
1321 3180 1380 3259 τῆς

172 3279 313 3354 πίστεως
327 3282 384 3349 οὐκ
400 3281 437 3366 ἦν
452 3280 580 3360 ἐκείνου,
597 3279 672 3347 ἀλλ’
688 3281 846 3369 ὑμέτερον.

220 3442 349 3494 afacitll
453 3442 519 3493 roin
531 3451 655 3508 tempores
666 3444 757 3494 scitH
858 3455 887 3506 15
905 3444 1023 3508 speratC
1131 3441 1159 3494 16
1179 3443 1312 3509 adhaec!
1327 3459 1381 3496 esse

172 3523 301 3590 (stirme)
321 3523 371 3574 C':
388 3541 445 3574 corr
455 3541 481 3574 se
582 3537 610 3591 19
627 3541 733 3592 persona
749 3525 783 3576 H
875 3538 950 3590 acsq.
964 3523 1041 3576 Coisl.
1054 3541 1111 3588 204,
1125 3525 1142 3576 i.
1155 3528 1211 3592 38a
1223 3527 1276 3590 [Cr.
1290 3527 1324 3578 vi.
1340 3539 1379 3592 77,

174 3605 215 3656 Fr.
236 3606 292 3670 ¹²9]
307 3606 426 3668 θεόδωρος.
446 3605 522 3656 ἄλλος
539 3606 565 3655 δέ
580 3613 663 3668 φησιν·
679 3609 722 3667 τῆς
733 3606 839 3669 χάριτος,
854 3610 926 3655 κ.τ.λ.

206 3753 228 3804 ³·
259 3737 639 3799 mnerutillc'us‚seduestrum]
670 3739 752 3789 Pina:
803 3736 1004 3786 “obedienceto
1019 3735 1061 3788 the
1076 3737 1142 3788 truth
1160 3737 1187 3800 [ὴ
1203 3735 1382 3796 πεισμονήετὸ

174 3821 273 3869 “Haec
295 3820 342 3869 nisi
365 3821 545 3884 corrigerentur
566 3821 621 3870 aliis
649 3822 749 3871 locis...
802 3819 930 3867 πείθεσθαι
941 3815 1054 3880 ἀληθείᾳ]
1071 3818 1091 3867 is
1108 3825 1151 3868 not
1169 3825 1195 3866 to
1213 3819 1243 3867 be
1260 3819 1380 3882 expected

173 3900 408 3965 semipelagianismi
426 3901 486 3965 quid
504 3899 670 3952 redolerenr.”
710 3901 752 3951 On
802 3903 987 3968 asagistirom
999 3903 1065 3960 God,
1078 3903 1122 3952 but
1135 3901 1381 3950 toberenderedon

174 3984 246 4036 'iin’s
260 3986 393 4050 sympathy
410 3983 472 4032 with
488 3983 530 4032 the
547 3983 622 4034 views
639 3982 668 4032 oi
682 3983 751 4033 Pela·
802 3998 864 4047 your
875 3998 932 4032 own
945 3991 999 4048 part
1010 3999 1038 4032 as
1055 3998 1086 4030 an
1104 3997 1200 4031 answer
1216 3988 1242 4030 to
1261 3981 1310 4030 His
1325 3997 1380 4046 gra·

173 4067 228 4132 gius
245 4082 286 4118 see
304 4066 439 4123 Fritzsche‚
455 4065 484 4115 de
497 4081 520 4116 υ.
534 4071 557 4114 et
568 4081 615 4114 scr.
631 4065 687 4126 Tin,
707 4081 751 4130 pp.
803 4065 871 4116 cious
893 4063 968 4118 call.’'
1006 4065 1084 4114 Thdt.
1104 4069 1202 4126 repeats
1218 4062 1268 4112 this
1283 4062 1380 4126 exposi-

178 4158 313 4210 107-115.
359 4146 389 4195 In
410 4145 452 4195 the
469 4151 568 4210 present
585 4143 696 4193 instance
713 4144 752 4194 his
802 4147 874 4199 tion:
892 4150 949 4198 litor
960 4147 1022 4196 Occi
1032 4147 1060 4195 τὸ
1071 4147 1159 4206 καλεῖν,
1174 4145 1203 4194 τὸ
1214 4145 1240 4194 δὲ
1256 4145 1382 4194 πείθεσθαι

174 4230 274 4294 anxiety
283 4237 308 4278 to
320 4236 397 4278 assert
408 4229 450 4277 the
462 4243 626 4278 concurrente
637 4227 666 4277 of
674 4227 752 4277 man’s
801 4231 850 4277 τῶν
861 4229 1003 4278 ἀκουόντων.

175 4311 275 4364 sreewill
288 4311 348 4360 with
360 4309 402 4360 the
414 4309 484 4358 work
495 4309 574 4360 nithe
588 4309 657 4374 Holy
675 4310 751 4375 Spirit
836 4311 860 4360 8.
899 4324 950 4358 nou
966 4308 1053 4366 salum.
1071 4307 1126 4369 dcc]
1159 4307 1248 4358 Thura
1266 4304 1323 4366 iuris
1338 4307 1383 4367 μὲν

175 4391 219 4442 has
231 4391 272 4440 led
284 4391 335 4440 him
348 4391 400 4440 into
417 4405 432 4438 a
448 4397 548 4456 strange
566 4388 752 4454 interpretation
804 4388 891 4452 θρηνῶ,
902 4389 968 4438 δέδια
979 4389 1004 4438 δὲ
1016 4388 1060 4448 τὴν
1071 4384 1114 4447 τῆς
1125 4385 1196 4438 νόσου
1205 4387 1340 4446 μετάδοσιν.

175 4472 203 4520 os
212 4470 253 4520 the
266 4485 376 4534 passage,
389 4469 470 4518 which
482 4469 514 4518 he
532 4469 602 4518 takes
620 4475 645 4518 to
662 4483 752 4518 mean:
840 4485 876 4532 ¹9·
906 4485 955 4517 riou
967 4475 1065 4518 iuretur
1074 4467 1151 4532 pern]
1180 4468 1219 4520 Cf.
1233 4484 1274 4534 pp.
1292 4483 1328 4526 ro,
1345 4484 1381 4520 ιι.
