3342 5224
275 408 313 471 14
603 402 831 454 ruaoooxus
854 401 1146 454 nonsunsruuus
1302 385 1472 470 [1.18‚19.

270 595 311 638 ea
325 595 413 659 quae
427 573 471 639 de
486 573 621 640 Christo
635 583 721 640 sunt
766 594 828 639 nec
843 573 933 638 enim
955 573 1076 638 referre
1091 572 1157 638 illis
1171 594 1272 659 super
1286 573 1474 638 doctrinam

271 697 381 742 meam
407 677 510 742 ullam
532 698 645 743 curam
669 677 794 756 habui;
826 678 907 761 quia
925 686 960 741 et
983 677 1016 740 in
1037 685 1171 742 tantum
1192 699 1248 742 me
1276 676 1411 742 cohibui
1437 687 1475 743 ut

271 781 396 865 aliquid
413 781 574 846 discerem
590 781 634 846 ab
650 780 715 846 illis
737 781 794 863 qui
810 789 889 845 ante
904 801 960 844 me
975 779 1107 844 suerunt
1128 781 1281 864 apostoli,
1297 782 1345 846 ita
1360 790 1398 846 ut
1414 801 1475 846 nec

271 883 353 948 irem
385 885 537 968 protinus
564 884 607 948 ad
640 904 708 961 eos,
736 884 795 948 sed
825 903 887 947 nec
922 883 1070 947 uiderem
1103 905 1170 961 eos,
1201 905 1263 948 nec
1298 885 1474 950 consilium

240 995 425 1069 scaperem
445 1007 561 1050 eorum
583 986 628 1051 de
646 984 698 1050 his
717 1006 804 1069 quae
826 984 907 1049 mihi
931 985 1062 1050 fuerant
1084 995 1219 1050 ostensa
1230 1004 1239 1062 ;
1269 985 1473 1071 superfluum

271 1111 344 1154 esse
367 1090 519 1154 iudicans
547 1097 626 1173 post
656 1087 894 1154 reuelationem
925 1089 1049 1155 Christi
1086 1087 1260 1154 hominum
1296 1099 1476 1173 expectare

271 1192 477 1258 doctrinam?
520 1193 607 1258 bene
629 1201 743 1258 autem
765 1200 800 1257 et
823 1213 894 1256 rem
919 1193 1028 1277 ipsam
1051 1192 1145 1277 quasi
1166 1211 1232 1257 non
1256 1192 1473 1257 necessariam

270 1297 428 1374 detraxit,
443 1317 511 1362 nou
526 1297 641 1362 dicens
655 1297 813 1380 apostolis,
829 1296 889 1361 sed
910 1317 1019 1380 neque
1038 1294 1221 1360 luminibus
1227 1319 1244 1372 ,·
1265 1295 1325 1362 sed
1339 1295 1435 1360 carni
1445 1305 1477 1359 et

270 1401 450 1484 sanguini,·
481 1401 582 1467 ualde
605 1420 682 1465 cum
708 1399 824 1464 debita
850 1399 885 1464 id
912 1397 1126 1463 obseruantia
1144 1398 1259 1463 dicens
1282 1405 1317 1461 et
1339 1417 1475 1479 scrupu-

222 1503 413 1570 lolositate.
468 1513 503 1570 et
532 1505 613 1589 quia
640 1504 750 1568 dixit:
785 1503 901 1568 statim
926 1523 992 1568 non
1020 1503 1149 1585 exposui
1155 1526 1171 1580 ,·
1204 1502 1362 1586 exposuit
1385 1502 1474 1566 enim

272 1615 390 1689 postea
407 1606 481 1685 illis,
496 1606 681 1672 ascendens
701 1608 885 1672 secundum
911 1606 1151 1672 reuelationem
1176 1605 1240 1670 hoc
1261 1606 1368 1689 ipsud,
1391 1605 1476 1669 sicut

272 1710 345 1792 ipse
359 1719 436 1792 post
451 1731 558 1795 pauca
575 1710 664 1777 dicit.
705 1719 739 1774 et
755 1718 792 1774 ut
805 1731 847 1775 ne
861 1710 1016 1775 uideatur
1029 1730 1089 1794 per
1107 1710 1220 1774 omnia
1234 1709 1477 1792 contempsisse

272 1813 465 1895 apostolos:

336 1958 544 2042 deindepost
566 1979 670 2024 annos
693 1969 757 2024 tres
780 1956 909 2022 ascendi
935 1957 1166 2023 Hierosolimzk
1193 1958 1304 2022 utilere
1330 1959 1476 2024 Petrum.

223 2095 257 2165 15
338 2099 372 2156 et
398 2093 446 2157 ita
471 2092 628 2158 affectum
655 2111 755 2176 quem
778 2111 858 2175 erga
880 2091 1015 2155 Petnrm
1039 2091 1222 2156 uidendum
1246 2090 1394 2155 habebat
1417 2112 1477 2155 ex-

273 2195 410 2280 plicans,
426 2206 461 2260 et
481 2197 573 2280 quod
593 2195 854 2261 sollicitudinem
875 2196 1092 2278 expenderet,
1108 2204 1145 2260 ut
1166 2195 1320 2261 redderet
1339 2197 1370 2261 ei
1385 2195 1476 2280 quod

272 2298 430 2363 debebat.

337 2435 370 2489 et
382 2423 494 2489 ntansi
505 2425 596 2508 apud
606 2445 678 2489 eum
693 2423 763 2488 dia
776 2423 964 2508 quindecim.

337 2561 382 2626 de
396 2561 470 2626 aliis
485 2581 563 2626 vero
578 2561 683 2646 quid?

219 2689 262 2738 20
337 2689 443 2753 alium
473 2689 688 2773 apostohrum
717 2698 825 2754 autem
856 2709 920 2754 non
949 2691 1030 2770 uidi,
1060 2691 1130 2756 nisi
1155 2691 1306 2757 Iacobum
1326 2694 1476 2777 fratrem

272 2791 420 2858 Domini.

339 2927 477 2994 euidens
501 2938 553 2993 est
578 2947 659 3011 ergo
684 2928 844 3011 quoniam
870 2950 979 3013 neque
1004 2939 1085 2994 tunc
1114 2939 1151 2995 ut
1181 2931 1477 3015 aliquiddisceret

274 3033 432 3110 ascendit,
458 3032 623 3116 siquidem
646 3041 725 3115 post
746 3041 813 3097 tres
834 3054 940 3098 annos
963 3033 1047 3098 haec
1067 3035 1144 3099 fecit
1156 3055 1165 3114 ;
1187 3037 1323 3119 quando
1345 3047 1478 3120 aposto·

323 3231 398 3297 aqui
416 3230 472 3296 (sor
486 3231 556 3296 quia)
575 3229 687 3294 C(corr)
731 3253 739 3270 ·
794 3249 873 3295 4nec
883 3234 935 3284 uid.
947 3251 991 3286 eos
1006 3235 1153 3286 sednecH
1244 3237 1484 3300 pnecessariumH

274 3312 290 3361 8
306 3326 347 3377 ap.
360 3327 441 3376 neque
451 3311 475 3361 h.
492 3311 539 3373 (om
551 3312 605 3374 sed)
617 3311 651 3361 H
656 3312 783 3376 apostolus
794 3313 845 3373 sed,
860 3315 904 3366 &a
919 3316 990 3378 Μαί)
1049 3331 1076 3366 ιι
1095 3319 1177 3382 ipsum
1191 3315 1296 3380 δᾴων)
1346 3331 1379 3368 ιο
1394 3325 1477 3368 autem

273 3400 354 3458 apost.
369 3395 391 3444 C
408 3392 528 3454 (carrJH
588 3407 619 3442 aa
636 3399 661 3442 et
679 3392 752 3458 (aster
760 3394 874 3458 disceret)
884 3397 975 3448 addc
1037 3398 1133 3462 2311oe
1155 3399 1177 3448 C

307 3581 331 3630 ⁸.
363 3595 414 3630 mn
432 3580 513 3630 dicem
531 3581 773 3648 apostolis...postea
791 3584 852 3648 illu]
902 3583 1036 3652 purpose;'
1052 3587 1084 3637 cf.
1096 3603 1121 3652 p.
1138 3601 1176 3652 15,
1190 3587 1208 3639 1.
1221 3601 1261 3650 31.

275 3661 349 3713 Cited
360 3661 394 3728 by
406 3661 539 3713 lauimus.
938 3683 975 3719 ra.
998 3676 1027 3719 ut
1038 3686 1069 3719 ne
1079 3671 1131 3720 usti.
1138 3679 1166 3735 p.
1177 3687 1198 3721 o.
1210 3678 1272 3721 cont.
1284 3672 1371 3736 apost]
1386 3672 1478 3740 Comp.

310 3763 347 3800 ιο.
367 3747 449 3798 statim
462 3761 513 3796 non
523 3747 622 3812 aponi
631 3747 688 3812 dio]
707 3749 743 3800 So
752 3749 850 3815 Chrys..
903 3753 946 3804 the
957 3753 1055 3804 remark
1064 3753 1093 3804 os
1102 3755 1127 3805 S.
1135 3755 1248 3820 Jerome:
1264 3757 1338 3807 “scio
1346 3758 1479 3824 plerosque

275 3827 318 3880 air
337 3829 402 3879 eim
419 3829 515 3880 ἅπλῶς·
537 3827 567 3880 ου’
587 3832 777 3894 προσανεθέμην·
795 3830 852 3882 ἀλλ’
903 3836 936 3887 de
946 3835 1066 3900 apostolis
1077 3835 1125 3886 hoc
1137 3837 1219 3899 [σαρκὶ
1230 3838 1271 3886 rai
1278 3838 1372 3901 αἵματι]
1383 3840 1478 3890 dictum

275 3909 400 3966 εὖθέωιε
434 3911 538 3977 adding,
570 3914 591 3962 el
622 3914 649 3962 at
680 3911 742 3974 perd
773 3915 854 3966 ταῦτα
903 3915 1108 3968 arbitrari...sed
1127 3917 1191 3968 absit
1208 3927 1236 3969 ut
1252 3935 1299 3984 ego
1319 3920 1420 3970 Petrum
1437 3920 1477 3970 10-

275 3993 385 4055 οἰνῆλθεν,
415 3991 462 4056 οὐχ
484 3993 546 4058 ὑπὲρ
571 3995 615 4044 τοῦ
641 4013 667 4045 τι
694 3999 850 4061 προσλαβεῖν.
903 3996 1011 4047 hannem
1022 4004 1048 4047 et
1059 3998 1180 4048 Iacobum
1191 4015 1291 4050 carnem
1300 4008 1325 4052 et
1333 4001 1478 4067 sanguinem

274 4073 405 4140 Adquieui,
431 4073 527 4139 though
549 4074 660 4124 retained
682 4075 708 4124 in
733 4075 775 4126 the
800 4083 853 4127 text
903 4073 1015 4142 putem.”

274 4155 338 4206 from
350 4155 393 4206 the
405 4156 438 4206 0.
451 4154 482 4205 L.
494 4156 543 4206 and
555 4156 639 4221 Vulg,
650 4157 767 4208 hasbeen
776 4159 852 4209 aban·
938 4165 976 4220 ις.
1003 4157 1073 4206 etita
1082 4157 1194 4220 affectum
1206 4158 1263 4223 dic]
1279 4159 1356 4210 ‘1hdt.
1366 4161 1410 4218 τὴν
1420 4159 1477 4222 πρέ-

275 4236 358 4288 doned
370 4238 404 4301 by
415 4237 458 4287 the
469 4237 601 4288 translator
614 4239 641 4288 in
658 4239 701 4290 the
717 4248 852 4291 comment·
902 4255 997 4288 νουσιν
1005 4236 1119 4300 ἀπονέμει
1126 4241 1162 4302 τῷ
1171 4243 1376 4304 κορυφαὶῳτιμήι.
1386 4241 1474 4306 Chrys

275 4335 325 4384 ary,
354 4319 438 4370 where
465 4320 508 4370 the
535 4324 652 4387 meaning
681 4323 797 4374 attached
825 4331 851 4374 to
901 4317 973 4378 adds,
996 4320 1034 4369 tn
1056 4321 1116 4370 ὅταν
1136 4323 1200 4384 λέγι
1220 4319 1363 4381 ἀντέστην
1378 4322 1474 4383 Πέτρῳ,

275 4400 404 4461 προσανεθ.
419 4400 453 4463 by
461 4399 509 4450 Th.
520 4415 604 4452 comes
611 4401 703 4466 clearly
714 4401 767 4452 into
778 4406 848 4454 view.
901 4401 982 4461 μηδεὶς
999 4402 1088 4464 ἔχθραι
1106 4404 1146 4452 rat
1162 4403 1307 4465 φιλονεικίας
1323 4403 1403 4453 ταῦτα
1420 4404 1479 4453 εἶναι

312 4497 348 4532 ιι.
368 4481 411 4530 doc
421 4479 506 4546 ritrud]
517 4483 577 4532 atri
587 4485 666 4543 τοῦτο,
679 4483 731 4534 ‘ior
743 4484 785 4534 the
793 4499 852 4548 very
902 4485 988 4548 rohten
998 4487 1031 4535 rt
1041 4487 1146 4550 ῥήματα.
