3292 5206
302 377 366 460 ²5⁶
647 387 874 441 Tncooonus
898 385 1191 450 uorsussssuus
1426 374 1466 457 [Ι.
1482 375 1511 437 6.

367 559 461 623 ‘dico
491 567 603 624 autern
635 561 699 624 ista
728 579 814 644 quae
841 560 1046 643 cognouistis
1072 579 1148 623 cum
1176 559 1316 623 ueritate
1346 559 1510 643 euangelii

301 662 518 746 suscipientes
534 662 737 727 doctrinam!
761 672 795 726 et
807 664 850 726 ad
867 665 1026 727 maiorem
1040 663 1309 727 exhortationem
1326 683 1442 727 eorum
1459 683 1509 727 os-

301 765 443 828 tendens
462 766 619 847 quoniam
648 787 715 830 non
738 767 799 830 soli
823 765 869 853 illi
893 767 957 828 ista
979 776 1110 849 praeter
1132 776 1259 829 ceteros
1281 773 1509 848 cognouerunt

302 871 472 948 homines;
493 870 646 953 alioquin
665 878 698 934 ct
722 870 829 952 magis
851 890 908 932 eos
931 871 1101 933 continere
1123 869 1155 931 in
1176 868 1241 932 fide
1263 878 1403 952 poterat,
1419 873 1507 954 quod

270 987 285 1053 5
303 973 359 1037 illa
381 974 489 1055 pietas
512 993 597 1056 quae
619 973 662 1037 ab
678 973 834 1037 omnibus
857 974 891 1037 in
914 975 1093 1035 commune
1108 963 1250 1035 tenetur'
1271 971 1374 1036 etiam
1391 972 1435 1036 ab
1460 971 1509 1035 his

301 1083 473 1139 teneatur:

365 1209 448 1272 sicut
462 1209 498 1272 in
512 1209 603 1272 omni
616 1209 742 1274 meando.

321 1339 323 1343 ’
366 1339 401 1393 et
417 1331 461 1393 rei
478 1329 743 1412 magnitudinem
759 1332 957 1394 ostendens:

366 1474 398 1528 et
411 1475 458 1528 est
463 1465 675 1550 sructcficans
688 1475 719 1528 et
733 1486 879 1530 crescens.

251 1615 290 1662 10
368 1597 452 1655 ‘non
469 1592 577 1655 solum
595 1592 728 1676 (inquit)
746 1595 917 1676 cognitum
936 1604 985 1658 est
1006 1595 1070 1659 illis
1088 1596 1144 1679 qui
1168 1598 1201 1659 in
1218 1599 1307 1660 omni
1328 1605 1406 1660 sunt
1422 1597 1507 1674 orbe,

302 1696 361 1759 sed
392 1705 425 1760 et
455 1706 672 1778 augmentum
699 1699 837 1780 suscipit
863 1718 924 1779 per
948 1699 1097 1781 singulos
1122 1700 1210 1764 dies.’
1256 1700 1377 1765 deinde
1405 1709 1442 1764 ut
1468 1721 1507 1763 ne

303 1799 455 1863 uideatur
482 1798 645 1881 euangelii
676 1801 812 1882 quidem
843 1801 990 1884 cognitio
1017 1803 1205 1865 communis
1235 1800 1298 1865 illis
1328 1823 1402 1866 esse
1432 1822 1505 1866 curn

302 1905 467 1979 omnibus,
495 1905 581 1968 sicut
613 1903 702 1966 dixit
727 1905 779 1967 ‘in
810 1903 1069 1968 omnibus’-ne
1099 1925 1179 1987 ergo
1209 1904 1256 1969 illi
1286 1905 1507 1980 aestimarent,

302 2007 392 2090 quod
418 2007 627 2090 euangelium
649 2026 715 2068 non
737 2016 771 2071 et
792 2014 1010 2088 augmentum
1034 2007 1123 2088 apud
1147 2025 1264 2070 omnes
1287 2009 1505 2092 consequitur,

251 2126 285 2193 15
303 2109 421 2172 adicit:

366 2224 464 2288 sicuti
476 2234 507 2288 et
522 2223 556 2286 in
572 2222 663 2288 uobis
675 2243 714 2287 ex
726 2243 792 2306 qua
806 2224 859 2290 die
872 2225 1014 2289 audistis
1028 2235 1059 2288 et
1077 2225 1270 2308 cognoscetis
1278 2225 1431 2308 gratc'am
1446 2225 1510 2290 Dei

302 2331 337 2394 in
353 2329 498 2395 ueritate.

352 2541 366 2576 e
383 2532 409 2574 et
419 2539 458 2574 om
470 2539 485 2571 r
615 2535 628 2587 5
646 2523 673 2572 in
684 2523 809 2573 communi
824 2521 929 2588 δᾴων)
1085 2539 1100 2590 9
1116 2531 1142 2575 et
1163 2539 1202 2575 om
1217 2522 1253 2574 C*
1267 2525 1298 2574 H
1327 2538 1392 2589 quae
1403 2521 1506 2588 (besest)

302 2611 354 2661 add
365 2611 386 2662 C
397 2612 482 2672 (corrh
499 2614 539 2657 txt
548 2625 565 2657 r
676 2622 703 2657 n
722 2607 877 2673 euangelium
890 2607 948 2673 (sor
958 2609 1054 2673 augm.)
1065 2626 1081 2658 r
1093 2606 1098 2674 Ι
1112 2607 1220 2673 suscepit
1235 2609 1282 2658 Cr
1406 2623 1434 2671 13
1452 2622 1506 2657 cnm

302 2711 370 2744 omn.
384 2693 440 2758 (scr
450 2693 475 2742 in
487 2693 568 2753 omn.)
583 2692 657 2741 CH:
677 2698 743 2740 extr
850 2707 879 2754 14
896 2693 928 2741 ad
941 2691 1071 2755 (foret)r

335 2867 359 2917 3.
394 2864 445 2899 non
459 2847 507 2897 soli
522 2845 796 2912 illi...praeterccteros]
819 2843 885 2909 παρὰ
931 2854 986 2911 part
1001 2846 1162 2912 superfluous.
1200 2847 1250 2897 But
1267 2847 1336 2898 there
1352 2847 1372 2898 is
1387 2863 1421 2897 no
1438 2864 1506 2899 occa·

303 2934 357 2982 robe
374 2931 485 2980 hostede:
508 2945 588 2993 seep.
604 2925 720 2990 142‚1.6,
735 2935 801 2978 note.
842 2926 881 2977 Cs.
930 2930 985 2979 sion
1007 2937 1034 2979 to
1056 2934 1156 2994 suspect
1183 2944 1233 2992 any
1255 2945 1329 2979 error.
1366 2927 1416 2978 Th.
1439 2945 1506 2992 says:

303 3012 395 3062 Thdt.:
414 3011 461 3072 οὐχ
471 3007 527 3070 ὑμῖν
540 3010 565 3057 δὲ
575 3009 654 3068 μόνοις
662 3009 881 3071 [ἀπαγγέλλεται],
933 3011 1003 3062 ‘The
1014 3010 1121 3075 Apostle
1137 3010 1187 3059 had
1201 3011 1282 3060 stated
1294 3011 1348 3059 that
1360 3010 1402 3060 the
1414 3011 1507 3075 Gospel

304 3087 370 3140 ἀλλὰ
381 3093 421 3140 καὶ
432 3087 508 3139 πᾶσιν
519 3090 660 3151 ἀνθρώποις.
931 3092 967 3155 (ι)
978 3093 1029 3142 had
1045 3093 1151 3142 reached
1167 3093 1209 3142 the
1224 3091 1368 3142 Colossians
1382 3108 1410 3142 ss
1425 3093 1444 3142 it
1458 3093 1507 3141 had

300 3185 302 3197 ·
336 3193 361 3237 4.
384 3173 462 3236 magis
476 3188 514 3222 eos
529 3172 653 3222 continere
672 3173 700 3221 in
711 3171 765 3236 fide
775 3179 881 3236 poterat,
930 3174 1036 3224 reached
1063 3174 1107 3224 the
1134 3183 1183 3224 rest
1211 3173 1240 3224 ot⁴
1264 3174 1307 3224 the
1334 3173 1430 3233 world;
1458 3175 1507 3224 and

303 3255 360 3317 dcc]
383 3255 418 3305 So
427 3256 533 3317 Chrys-e
550 3251 634 3314 ἐπειδὴ
645 3253 754 3314 μάλιστα
763 3254 785 3302 ol
793 3254 882 3302 πολλοὶ
931 3254 967 3315 (n)
989 3271 1041 3304 was
1062 3254 1217 3319 continually
1238 3253 1349 3318 yielding
1376 3253 1434 3304 [ruit
1458 3255 1506 3304 und

302 3339 331 3388 ἐκ
340 3338 384 3388 τοῦ
395 3337 516 3386 κοινωνούς
530 3337 594 3398 ἔχειν
608 3336 713 3388 πολλοὺς
728 3335 776 3384 τῶν
792 3333 882 3397 δογμά·
930 3337 1034 3402 making
1056 3337 1172 3387 increase·
1213 3337 1252 3386 To
1274 3336 1318 3386 the
1339 3336 1413 3386 letter
1435 3343 1506 3386 stute-

303 3437 351 3468 των
362 3420 520 3483 στηρίζοπαι,
536 3435 583 3467 rer.
591 3419 616 3465 h.
929 3425 998 3466 ment
1013 3417 1044 3466 he
1060 3410 1230 3480 immediately
1241 3417 1315 3479 adds,·
1329 3418 1407 3468 καθὼς
1426 3420 1466 3466 καὶ
1483 3419 1508 3466 ἐν

315 3504 359 3551 ’8.
394 3507 418 3549 et
443 3499 482 3548 rei
507 3513 593 3561 magn.
622 3495 756 3556 ostmde'ns]
789 3495 881 3545 Thdt.:
929 3498 992 3558 ὑμῖν,
1007 3507 1033 3547 to
1048 3505 1153 3562 prevent
1170 3496 1212 3548 the
1226 3496 1507 3548 inferencethntwhilst

303 3582 357 3631 circ
384 3581 499 3629 δείκνυσιν
526 3581 566 3628 καὶ
593 3576 637 3626 τοῦ
662 3576 813 3641 κηρύγματος
838 3576 883 3637 τὴν
929 3579 971 3629 the
987 3579 1136 3643 knowledge
1147 3579 1176 3628 os
1189 3578 1231 3628 the
1244 3577 1338 3644 Gospel
1353 3595 1405 3629 was
1420 3581 1506 3630 shared

303 3665 380 3726 iuxta
929 3662 962 3726 hy
978 3662 1012 3711 all
1031 3661 1129 3712 nations
1147 3661 1222 3718 alite,
1241 3661 1272 3710 its
1288 3660 1440 3712 truitsulness
1459 3678 1507 3712 was

335 3759 359 3810 9.
389 3749 412 3792 et
422 3748 458 3794 cst
464 3740 628 3806 sncctificans
639 3745 662 3789 ct
672 3739 720 3801 cn]
741 3740 789 3790 See
801 3756 840 3790 vv.
852 3738 880 3789 11.
929 3741 1046 3792 confined
1068 3749 1094 3791 to
1117 3742 1159 3790 the
1181 3740 1332 3792 Colossinus.
1372 3742 1428 3793 The
1450 3758 1506 3792 con·

303 3825 359 3876 The
369 3841 461 3876 comm.
474 3839 554 3874 seems
565 3830 592 3873 to
603 3823 672 3872 shew
683 3823 738 3872 that
749 3822 881 3882 Th.‚with
929 3825 1050 3874 struction
1072 3824 1093 3896 ip
1121 3823 1217 3874 broken
1244 3824 1294 3872 and
1323 3825 1366 3874 the
1392 3833 1507 3875 sentence

304 3909 393 3971 Chrys.
408 3905 459 3956 and
476 3905 564 3964 Thdt.‚
586 3904 645 3953 read
664 3905 703 3952 not
720 3905 788 3951 ἔστιν
805 3919 879 3961 repn-
928 3905 1027 3954 thrown
1042 3905 1095 3954 into
1106 3920 1175 3954 some
1186 3904 1316 3954 confusion
1327 3905 1415 3968 hythe
1427 3907 1507 3956 clause

306 3990 381 4051 Quae,
405 3986 514 4037 inserted
532 3987 566 4051 by
584 3986 626 4035 the
646 3986 739 4036 Corbie
757 3993 880 4034 corrector
932 3986 988 4034 “ue
1005 4000 1065 4048 ergo
1082 3985 1118 4033 iili
1135 3985 1294 4034 aestimarent
1312 3984 1449 4049 quod”...;
1466 3987 1507 4034 the

303 4072 354 4130 (vv.
366 4069 413 4129 lh),
427 4069 448 4118 is
459 4067 565 4117 without
576 4065 710 4130 authority.
743 4067 793 4114 Est
796 4065 879 4128 fluct.
928 4075 982 4116 true
991 4082 1113 4130 sequence
1122 4065 1156 4116 is:
1168 4070 1216 4116 “ut
1224 4083 1256 4117 ne
1263 4067 1378 4116 uideatur
1385 4067 1506 4132 euangelii

303 4155 391 4217 (Aug,
410 4152 545 4210 Ambrstr.)
565 4150 586 4199 is
604 4150 680 4198 toned
700 4148 774 4198 down
793 4147 819 4197 in
836 4149 880 4197 the
928 4149 1029 4214 quidem
1045 4149 1155 4212 cognitio
1170 4150 1309 4198 communis
1322 4149 1371 4198 illis
1386 4165 1440 4200 esse
1451 4165 1506 4199 cum

303 4233 378 4298 Vulg.
391 4233 444 4282 into
447 4230 599 4296 fructificat.
928 4232 1052 4290 omnibus,
1064 4231 1219 4295 euangelium
1233 4231 1338 4292 [autem]
1350 4248 1401 4282 non
1412 4239 1438 4282 et
1449 4248 1507 4296 aug-

337 4331 373 4366 11.
399 4323 477 4364 utne
493 4315 618 4374 uc'rieatur,
640 4313 699 4374 dcc]
731 4312 769 4361 Dr
790 4312 879 4376 Jacobi
911 4321 1039 4374 ,mentum
1051 4315 1119 4379 apud
1131 4329 1218 4363 omnes
1230 4313 1373 4378 consequi.’'

302 4397 416 4447 brackets
427 4396 469 4447 the
481 4396 562 4445 words
577 4412 627 4446 mn
642 4395 782 4446 solum-in
799 4395 879 4445 omni·
962 4393 1000 4445 16.
1028 4411 1059 4444 ex
1075 4409 1126 4458 qua
1143 4395 1191 4455 dcc]
1226 4394 1269 4454 ἀφ’
1291 4391 1319 4454 ἧς
1342 4395 1438 4456 ἡμέρας.
1473 4396 1507 4444 So

302 4481 346 4528 bus
362 4495 389 4528 es
403 4479 479 4542 being
491 4479 554 4528 both
570 4478 688 4528 confused
703 4477 753 4528 and
768 4477 793 4526 in
809 4485 878 4540 great
928 4479 1003 4543 Aug„
1018 4477 1142 4528 Ambrstr.
1159 4477 1245 4541 Vulg,
1263 4478 1317 4526 “ex
1328 4493 1358 4526 ea
1369 4478 1411 4529 die
1422 4477 1497 4543 qua.”
