<?xml version="1.0" encoding="UTF-8"?>
<!DOCTYPE html PUBLIC "-//W3C//DTD XHTML 1.0 Transitional//EN"
    "http://www.w3.org/TR/xhtml1/DTD/xhtml1-transitional.dtd">
<html xmlns="http://www.w3.org/1999/xhtml" xml:lang="en" lang="en">
 <head>
  <title>
</title>
<meta http-equiv="Content-Type" content="text/html;charset=utf-8" />
  <meta name='ocr-system' content='tesseract 3.04.00' />
  <meta name='ocr-capabilities' content='ocr_page ocr_carea ocr_par ocr_line ocrx_word'/>
</head>
<body>
  <div class='ocr_page' id='page_1' title='image "./theodoriepiscop01theogoog_0117.png"; bbox 0 0 3342 5224; ppageno 0'>
   <div class='ocr_carea' id='block_1_1' title="bbox 323 350 1521 434">
    <p class='ocr_par' dir='ltr' id='par_1_1' title="bbox 323 350 1521 434">
     <span class='ocr_line' id='line_1_1' title="bbox 323 350 1521 434; baseline -0.002 -20"><span class='ocrx_word' id='word_1_1' title='bbox 323 355 360 414; x_wconf 87' lang='lat'>18</span> <span class='ocrx_word' id='word_1_2' title='bbox 651 364 877 417; x_wconf 75' lang='lat' dir='ltr'>rnaooonus</span> <span class='ocrx_word' id='word_1_3' title='bbox 902 365 1194 416; x_wconf 76' lang='lat' dir='ltr'>Morsuusrunus</span> <span class='ocrx_word' id='word_1_4' title='bbox 1354 350 1412 434; x_wconf 88' lang='grc' dir='ltr'>[ΙΙ.</span> <span class='ocrx_word' id='word_1_5' title='bbox 1429 352 1521 430; x_wconf 89' lang='lat'><strong>6—9.</strong></span> 
     </span>
    </p>
   </div>
   <div class='ocr_carea' id='block_1_2' title="bbox 290 537 1527 1247">
    <p class='ocr_par' dir='ltr' id='par_1_2' title="bbox 290 537 1527 1247">
     <span class='ocr_line' id='line_1_2' title="bbox 320 537 1527 623; baseline 0.001 -24"><span class='ocrx_word' id='word_1_6' title='bbox 320 539 537 614; x_wconf 87' lang='lat' dir='ltr'>interiaciens,</span> <span class='ocrx_word' id='word_1_7' title='bbox 555 550 591 603; x_wconf 90' lang='lat' dir='ltr'>ut</span> <span class='ocrx_word' id='word_1_8' title='bbox 610 541 690 616; x_wconf 85' lang='lat' dir='ltr'>dixi,</span> <span class='ocrx_word' id='word_1_9' title='bbox 708 540 752 603; x_wconf 92' lang='lat' dir='ltr'>ab</span> <span class='ocrx_word' id='word_1_10' title='bbox 773 539 829 604; x_wconf 92' lang='lat' dir='ltr'>illo</span> <span class='ocrx_word' id='word_1_11' title='bbox 852 540 927 604; x_wconf 90' lang='lat' dir='ltr'>loco</span> <span class='ocrx_word' id='word_1_12' title='bbox 948 562 1015 622; x_wconf 89' lang='lat' dir='ltr'>quo</span> <span class='ocrx_word' id='word_1_13' title='bbox 1034 541 1141 603; x_wconf 86' lang='lat' dir='ltr'>dixit:</span> <span class='ocrx_word' id='word_1_14' title='bbox 1165 539 1223 603; x_wconf 84' lang='lat' dir='ltr'>sed</span> <span class='ocrx_word' id='word_1_15' title='bbox 1234 561 1332 623; x_wconf 83' lang='lat' dir='ltr'>neque</span> <span class='ocrx_word' id='word_1_16' title='bbox 1353 540 1448 605; x_wconf 83' lang='lat' dir='ltr'><em>Titus</em></span> <span class='ocrx_word' id='word_1_17' title='bbox 1467 537 1527 621; x_wconf 89' lang='lat' dir='ltr'>qui</span> 
     </span>
     <span class='ocr_line' id='line_1_3' title="bbox 320 643 1523 727; baseline 0.001 -25"><span class='ocrx_word' id='word_1_18' title='bbox 320 661 440 704; x_wconf 85' lang='lat' dir='ltr'>mecum</span> <span class='ocrx_word' id='word_1_19' title='bbox 462 651 541 718; x_wconf 80' lang='lat' dir='ltr'>erat,</span> <span class='ocrx_word' id='word_1_20' title='bbox 558 643 694 725; x_wconf 82' lang='lat' dir='ltr'>gentilis</span> <span class='ocrx_word' id='word_1_21' title='bbox 714 663 786 706; x_wconf 90' lang='lat' dir='ltr'>cum</span> <span class='ocrx_word' id='word_1_22' title='bbox 807 653 886 705; x_wconf 83' lang='lat' dir='ltr'>esset</span> <span class='ocrx_word' id='word_1_23' title='bbox 894 667 909 718; x_wconf 92' lang='lat'>,·</span> <span class='ocrx_word' id='word_1_24' title='bbox 932 644 1081 725; x_wconf 89' lang='lat' dir='ltr'>sequitur</span> <span class='ocrx_word' id='word_1_25' title='bbox 1096 644 1253 727; x_wconf 84' lang='lat' dir='ltr'><strong>deinceps</strong></span> <span class='ocrx_word' id='word_1_26' title='bbox 1268 663 1363 708; x_wconf 91' lang='lat' dir='ltr'>suam</span> <span class='ocrx_word' id='word_1_27' title='bbox 1384 661 1523 725; x_wconf 88' lang='lat' dir='ltr'>sequen-</span> 
     </span>
     <span class='ocr_line' id='line_1_4' title="bbox 321 743 1524 831; baseline 0.003 -24"><span class='ocrx_word' id='word_1_28' title='bbox 321 743 411 820; x_wconf 86' lang='lat' dir='ltr'>tiam,</span> <span class='ocrx_word' id='word_1_29' title='bbox 428 744 485 807; x_wconf 90' lang='lat' dir='ltr'>illa</span> <span class='ocrx_word' id='word_1_30' title='bbox 500 745 620 809; x_wconf 90' lang='lat' dir='ltr'>docere</span> <span class='ocrx_word' id='word_1_31' title='bbox 634 765 825 829; x_wconf 77' lang='lat' dir='ltr'>properam,</span> <span class='ocrx_word' id='word_1_32' title='bbox 841 767 927 828; x_wconf 88' lang='lat' dir='ltr'>quae</span> <span class='ocrx_word' id='word_1_33' title='bbox 942 745 989 810; x_wconf 91' lang='lat' dir='ltr'>illi</span> <span class='ocrx_word' id='word_1_34' title='bbox 1006 747 1113 811; x_wconf 87' lang='lat' dir='ltr'>fuerat</span> <span class='ocrx_word' id='word_1_35' title='bbox 1127 769 1203 811; x_wconf 91' lang='lat' dir='ltr'>cum</span> <span class='ocrx_word' id='word_1_36' title='bbox 1224 747 1385 831; x_wconf 86' lang='lat' dir='ltr'>apostolis</span> <span class='ocrx_word' id='word_1_37' title='bbox 1409 748 1524 811; x_wconf 88' lang='lat' dir='ltr'>habita</span> 
     </span>
     <span class='ocr_line' id='line_1_5' title="bbox 321 851 1523 934; baseline -0.001 -20"><span class='ocrx_word' id='word_1_38' title='bbox 321 851 528 934; x_wconf 89' lang='lat' dir='ltr'>disceptatio,</span> <span class='ocrx_word' id='word_1_39' title='bbox 551 853 686 933; x_wconf 92' lang='lat' dir='ltr'>quando</span> <span class='ocrx_word' id='word_1_40' title='bbox 706 851 857 914; x_wconf 88' lang='lat' dir='ltr'>ascendit</span> <span class='ocrx_word' id='word_1_41' title='bbox 879 851 1051 914; x_wconf 88' lang='lat' dir='ltr'>secuudum</span> <span class='ocrx_word' id='word_1_42' title='bbox 1071 851 1304 926; x_wconf 66' lang='lat' dir='ltr'>retulutr&#39;oueu</span> <span class='ocrx_word' id='word_1_43' title='bbox 1320 861 1356 914; x_wconf 93' lang='lat' dir='ltr'>ut</span> <span class='ocrx_word' id='word_1_44' title='bbox 1379 851 1442 913; x_wconf 91' lang='lat' dir='ltr'>illis</span> <span class='ocrx_word' id='word_1_45' title='bbox 1465 871 1523 913; x_wconf 88' lang='lat' dir='ltr'>ex-</span> 
     </span>
     <span class='ocr_line' id='line_1_6' title="bbox 290 952 1523 1036; baseline -0.002 -19"><span class='ocrx_word' id='word_1_46' title='bbox 290 963 461 1035; x_wconf 73' lang='lat' dir='ltr'>sponeret</span> <span class='ocrx_word' id='word_1_47' title='bbox 484 953 702 1036; x_wconf 83' lang='lat' dir='ltr'>euangelium.</span> <span class='ocrx_word' id='word_1_48' title='bbox 748 954 967 1018; x_wconf 87' lang='lat' dir='ltr'>conueniebat</span> <span class='ocrx_word' id='word_1_49' title='bbox 997 952 1085 1016; x_wconf 88' lang='lat' dir='ltr'>enim</span> <span class='ocrx_word' id='word_1_50' title='bbox 1116 973 1193 1016; x_wconf 93' lang='lat' dir='ltr'>eum</span> <span class='ocrx_word' id='word_1_51' title='bbox 1223 955 1424 1035; x_wconf 86' lang='lat' dir='ltr'>coniungere</span> <span class='ocrx_word' id='word_1_52' title='bbox 1447 971 1523 1015; x_wconf 90' lang='lat' dir='ltr'>cum</span> 
     </span>
     <span class='ocr_line' id='line_1_7' title="bbox 321 1057 1525 1142; baseline 0.004 -21"><span class='ocrx_word' id='word_1_53' title='bbox 321 1078 419 1121; x_wconf 90' lang='lat' dir='ltr'>sensu</span> <span class='ocrx_word' id='word_1_54' title='bbox 450 1078 510 1120; x_wconf 90' lang='lat' dir='ltr'>suo</span> <span class='ocrx_word' id='word_1_55' title='bbox 541 1058 641 1120; x_wconf 85' lang='lat' dir='ltr'>etiam</span> <span class='ocrx_word' id='word_1_56' title='bbox 672 1057 804 1121; x_wconf 92' lang='lat' dir='ltr'>illorum</span> <span class='ocrx_word' id='word_1_57' title='bbox 827 1059 1037 1135; x_wconf 84' lang='lat' dir='ltr'>sententiam,</span> <span class='ocrx_word' id='word_1_58' title='bbox 1065 1067 1102 1122; x_wconf 92' lang='lat' dir='ltr'>ut</span> <span class='ocrx_word' id='word_1_59' title='bbox 1130 1058 1162 1120; x_wconf 93' lang='lat' dir='ltr'>in</span> <span class='ocrx_word' id='word_1_60' title='bbox 1186 1067 1304 1142; x_wconf 89' lang='lat' dir='ltr'>aperto</span> <span class='ocrx_word' id='word_1_61' title='bbox 1330 1061 1525 1126; x_wconf 87' lang='lat' dir='ltr'>consisteret</span> 
     </span>
     <span class='ocr_line' id='line_1_8' title="bbox 321 1161 1437 1247; baseline 0.004 -22"><span class='ocrx_word' id='word_1_62' title='bbox 321 1161 465 1245; x_wconf 84' lang='lat' dir='ltr'>qualiter</span> <span class='ocrx_word' id='word_1_63' title='bbox 479 1161 541 1225; x_wconf 91' lang='lat' dir='ltr'>sibi</span> <span class='ocrx_word' id='word_1_64' title='bbox 558 1181 635 1243; x_wconf 87' lang='lat' dir='ltr'>erga</span> <span class='ocrx_word' id='word_1_65' title='bbox 651 1162 821 1244; x_wconf 87' lang='lat' dir='ltr'>negotium</span> <span class='ocrx_word' id='word_1_66' title='bbox 836 1181 1033 1225; x_wconf 89' lang='lat' dir='ltr'>consensum</span> <span class='ocrx_word' id='word_1_67' title='bbox 1049 1162 1271 1245; x_wconf 83' lang='lat' dir='ltr'>praebuerant</span> <span class='ocrx_word' id='word_1_68' title='bbox 1285 1165 1437 1247; x_wconf 87' lang='lat' dir='ltr'>apostoli.</span> 
     </span>
    </p>
   </div>
   <div class='ocr_carea' id='block_1_3' title="bbox 388 1305 1353 1394">
    <p class='ocr_par' dir='ltr' id='par_1_3' title="bbox 388 1305 1353 1394">
     <span class='ocr_line' id='line_1_9' title="bbox 388 1305 1353 1394; baseline 0.006 -21"><span class='ocrx_word' id='word_1_69' title='bbox 388 1310 473 1373; x_wconf 80' lang='lat' dir='ltr'>milri</span> <span class='ocrx_word' id='word_1_70' title='bbox 485 1305 570 1372; x_wconf 85' lang='lat' dir='ltr'>euim</span> <span class='ocrx_word' id='word_1_71' title='bbox 586 1309 645 1392; x_wconf 87' lang='lat' dir='ltr'>qui</span> <span class='ocrx_word' id='word_1_72' title='bbox 658 1309 811 1373; x_wconf 81' lang='lat' dir='ltr'>uidentur</span> <span class='ocrx_word' id='word_1_73' title='bbox 824 1331 890 1374; x_wconf 80' lang='lat' dir='ltr'>esse</span> <span class='ocrx_word' id='word_1_74' title='bbox 902 1311 1034 1394; x_wconf 84' lang='lat' dir='ltr'>aliquid</span> <span class='ocrx_word' id='word_1_75' title='bbox 1045 1312 1134 1376; x_wconf 80' lang='lat' dir='ltr'>uiliil</span> <span class='ocrx_word' id='word_1_76' title='bbox 1145 1315 1353 1380; x_wconf 82' lang='lat' dir='ltr'>coutulerunt.</span> 
     </span>
    </p>
   </div>
   <div class='ocr_carea' id='block_1_4' title="bbox 235 1436 1529 2449">
    <p class='ocr_par' dir='ltr' id='par_1_4' title="bbox 366 1436 1526 1526">
     <span class='ocr_line' id='line_1_10' title="bbox 366 1436 1526 1526; baseline 0.005 -26"><span class='ocrx_word' id='word_1_77' title='bbox 366 1436 547 1500; x_wconf 84' lang='lat' dir='ltr'>‘conferre’</span> <span class='ocrx_word' id='word_1_78' title='bbox 578 1437 699 1500; x_wconf 89' lang='lat' dir='ltr'>dicitur</span> <span class='ocrx_word' id='word_1_79' title='bbox 724 1439 970 1502; x_wconf 86' lang='lat' dir='ltr'>communicare</span> <span class='ocrx_word' id='word_1_80' title='bbox 992 1440 1167 1504; x_wconf 89' lang='lat' dir='ltr'>consilium</span> <span class='ocrx_word' id='word_1_81' title='bbox 1190 1463 1290 1524; x_wconf 90' lang='lat' dir='ltr'>super</span> <span class='ocrx_word' id='word_1_82' title='bbox 1312 1441 1447 1526; x_wconf 87' lang='lat' dir='ltr'>aliquod</span> <span class='ocrx_word' id='word_1_83' title='bbox 1470 1463 1526 1506; x_wconf 90' lang='lat' dir='ltr'>ne-</span> 
     </span>
    </p>

    <p class='ocr_par' dir='ltr' id='par_1_5' title="bbox 272 1540 1527 1622">
     <span class='ocr_line' id='line_1_11' title="bbox 272 1540 1527 1622; baseline -0.002 -13"><span class='ocrx_word' id='word_1_84' title='bbox 272 1563 310 1608; x_wconf 87' lang='lat' dir='ltr'>ro</span> <span class='ocrx_word' id='word_1_85' title='bbox 322 1540 472 1622; x_wconf 78' lang='lat' dir='ltr'>gotium3</span> <span class='ocrx_word' id='word_1_86' title='bbox 494 1540 541 1603; x_wconf 90' lang='lat' dir='ltr'>sic</span> <span class='ocrx_word' id='word_1_87' title='bbox 566 1540 653 1603; x_wconf 89' lang='lat' dir='ltr'>enim</span> <span class='ocrx_word' id='word_1_88' title='bbox 681 1550 715 1605; x_wconf 90' lang='lat' dir='ltr'>et</span> <span class='ocrx_word' id='word_1_89' title='bbox 741 1562 802 1605; x_wconf 83' lang='lat' dir='ltr'>nos</span> <span class='ocrx_word' id='word_1_90' title='bbox 826 1543 860 1605; x_wconf 95' lang='lat' dir='ltr'>in</span> <span class='ocrx_word' id='word_1_91' title='bbox 884 1543 1158 1617; x_wconf 85' lang='lat' dir='ltr'>consuetudinem</span> <span class='ocrx_word' id='word_1_92' title='bbox 1183 1543 1331 1608; x_wconf 78' lang='lat' dir='ltr'>dicimus</span> <span class='ocrx_word' id='word_1_93' title='bbox 1376 1544 1527 1608; x_wconf 90' lang='lat' dir='ltr'>similiter</span> 
     </span>
    </p>

    <p class='ocr_par' dir='ltr' id='par_1_6' title="bbox 323 1643 1525 1726">
     <span class='ocr_line' id='line_1_12' title="bbox 323 1643 1525 1726; baseline 0.004 -20"><span class='ocrx_word' id='word_1_94' title='bbox 323 1653 436 1708; x_wconf 85' lang='lat' dir='ltr'>autem</span> <span class='ocrx_word' id='word_1_95' title='bbox 463 1652 497 1707; x_wconf 91' lang='lat' dir='ltr'>et</span> <span class='ocrx_word' id='word_1_96' title='bbox 518 1643 690 1726; x_wconf 83' lang='lat' dir='ltr'>apostolus</span> <span class='ocrx_word' id='word_1_97' title='bbox 711 1643 905 1709; x_wconf 80' lang='lat' dir='ltr'>manifestus</span> <span class='ocrx_word' id='word_1_98' title='bbox 928 1655 979 1712; x_wconf 91' lang='lat' dir='ltr'>est</span> <span class='ocrx_word' id='word_1_99' title='bbox 1001 1645 1065 1709; x_wconf 87' lang='lat' dir='ltr'>hac</span> <span class='ocrx_word' id='word_1_100' title='bbox 1087 1667 1169 1711; x_wconf 89' lang='lat' dir='ltr'>uoce</span> <span class='ocrx_word' id='word_1_101' title='bbox 1192 1646 1292 1711; x_wconf 84' lang='lat' dir='ltr'>luisse</span> <span class='ocrx_word' id='word_1_102' title='bbox 1314 1649 1447 1712; x_wconf 90' lang='lat' dir='ltr'>abusus.</span> <span class='ocrx_word' id='word_1_103' title='bbox 1493 1649 1525 1711; x_wconf 93' lang='lat' dir='ltr'>in</span> 
     </span>
    </p>

    <p class='ocr_par' dir='ltr' id='par_1_7' title="bbox 323 1747 1526 1834">
     <span class='ocr_line' id='line_1_13' title="bbox 323 1747 1526 1834; baseline 0.004 -24"><span class='ocrx_word' id='word_1_104' title='bbox 323 1748 545 1830; x_wconf 89' lang='lat' dir='ltr'>superioribus</span> <span class='ocrx_word' id='word_1_105' title='bbox 570 1749 658 1810; x_wconf 92' lang='lat' dir='ltr'>enim</span> <span class='ocrx_word' id='word_1_106' title='bbox 682 1747 787 1811; x_wconf 88' lang='lat' dir='ltr'>dixit:</span> <span class='ocrx_word' id='word_1_107' title='bbox 808 1747 923 1812; x_wconf 81' lang='lat' dir='ltr'>statim</span> <span class='ocrx_word' id='word_1_108' title='bbox 938 1769 1001 1813; x_wconf 87' lang='lat' dir='ltr'>nou</span> <span class='ocrx_word' id='word_1_109' title='bbox 1021 1751 1176 1831; x_wconf 82' lang='lat' dir='ltr'>adquieui</span> <span class='ocrx_word' id='word_1_110' title='bbox 1193 1751 1287 1814; x_wconf 85' lang='lat' dir='ltr'>curui</span> <span class='ocrx_word' id='word_1_111' title='bbox 1309 1760 1339 1814; x_wconf 85' lang='lat' dir='ltr'>et</span> <span class='ocrx_word' id='word_1_112' title='bbox 1361 1751 1526 1834; x_wconf 81' lang='lat' dir='ltr'>sariguiui,</span> 
     </span>
    </p>

    <p class='ocr_par' dir='ltr' id='par_1_8' title="bbox 235 1851 1529 1937">
     <span class='ocr_line' id='line_1_14' title="bbox 235 1851 1529 1937; baseline 0.003 -23"><span class='ocrx_word' id='word_1_113' title='bbox 235 1873 245 1884; x_wconf 58' lang='lat'>³</span> <span class='ocrx_word' id='word_1_114' title='bbox 322 1851 386 1915; x_wconf 86' lang='lat' dir='ltr'>hoc</span> <span class='ocrx_word' id='word_1_115' title='bbox 402 1861 472 1915; x_wconf 85' lang='lat' dir='ltr'>est:</span> <span class='ocrx_word' id='word_1_116' title='bbox 496 1851 634 1916; x_wconf 89' lang='lat' dir='ltr'>‘nullius</span> <span class='ocrx_word' id='word_1_117' title='bbox 650 1852 867 1935; x_wconf 86' lang='lat' dir='ltr'>participatus</span> <span class='ocrx_word' id='word_1_118' title='bbox 883 1872 957 1914; x_wconf 90' lang='lat' dir='ltr'>sum</span> <span class='ocrx_word' id='word_1_119' title='bbox 973 1853 1128 1916; x_wconf 87' lang='lat' dir='ltr'>consilio&#39;</span> <span class='ocrx_word' id='word_1_120' title='bbox 1161 1864 1194 1917; x_wconf 88' lang='lat' dir='ltr'>et</span> <span class='ocrx_word' id='word_1_121' title='bbox 1210 1854 1386 1937; x_wconf 89' lang='lat' dir='ltr'>posthoc:</span> <span class='ocrx_word' id='word_1_122' title='bbox 1408 1855 1529 1918; x_wconf 83' lang='lat' dir='ltr'>contuli</span> 
     </span>
    </p>

    <p class='ocr_par' dir='ltr' id='par_1_9' title="bbox 322 1954 1527 2039">
     <span class='ocr_line' id='line_1_15' title="bbox 322 1954 1527 2039; baseline 0.005 -23"><span class='ocrx_word' id='word_1_123' title='bbox 322 1976 394 2019; x_wconf 90' lang='lat' dir='ltr'>cum</span> <span class='ocrx_word' id='word_1_124' title='bbox 424 1955 494 2019; x_wconf 89' lang='lat' dir='ltr'>illis</span> <span class='ocrx_word' id='word_1_125' title='bbox 518 1955 729 2037; x_wconf 82' lang='lat' dir='ltr'>euangelium,</span> <span class='ocrx_word' id='word_1_126' title='bbox 756 1954 820 2019; x_wconf 92' lang='lat' dir='ltr'>hoc</span> <span class='ocrx_word' id='word_1_127' title='bbox 846 1966 914 2019; x_wconf 92' lang='lat' dir='ltr'>est:</span> <span class='ocrx_word' id='word_1_128' title='bbox 946 1957 1185 2039; x_wconf 86' lang='lat' dir='ltr'>‘participatus</span> <span class='ocrx_word' id='word_1_129' title='bbox 1216 1978 1290 2020; x_wconf 89' lang='lat' dir='ltr'>sum</span> <span class='ocrx_word' id='word_1_130' title='bbox 1320 1959 1466 2036; x_wconf 90' lang='lat' dir='ltr'>consilio,</span> <span class='ocrx_word' id='word_1_131' title='bbox 1493 1967 1527 2022; x_wconf 87' lang='lat' dir='ltr'>et</span> 
     </span>
    </p>

    <p class='ocr_par' dir='ltr' id='par_1_10' title="bbox 272 2059 1527 2143">
     <span class='ocr_line' id='line_1_16' title="bbox 272 2059 1527 2143; baseline -0.002 -17"><span class='ocrx_word' id='word_1_132' title='bbox 272 2079 307 2142; x_wconf 84' lang='lat'>15</span> <span class='ocrx_word' id='word_1_133' title='bbox 325 2059 538 2124; x_wconf 82' lang='lat' dir='ltr'>manifestum</span> <span class='ocrx_word' id='word_1_134' title='bbox 562 2059 624 2123; x_wconf 84' lang='lat' dir='ltr'>leci</span> <span class='ocrx_word' id='word_1_135' title='bbox 649 2059 792 2140; x_wconf 90' lang='lat' dir='ltr'>illisqui</span> <span class='ocrx_word' id='word_1_136' title='bbox 820 2068 870 2123; x_wconf 87' lang='lat' dir='ltr'>est</span> <span class='ocrx_word' id='word_1_137' title='bbox 894 2059 1014 2123; x_wconf 91' lang='lat' dir='ltr'>modus</span> <span class='ocrx_word' id='word_1_138' title='bbox 1042 2081 1136 2124; x_wconf 83' lang='lat' dir='ltr'>meae</span> <span class='ocrx_word' id='word_1_139' title='bbox 1162 2059 1436 2143; x_wconf 66' lang='lat' dir='ltr'>praedicationis!</span> <span class='ocrx_word' id='word_1_140' title='bbox 1480 2061 1527 2124; x_wconf 90' lang='lat' dir='ltr'>sic</span> 
     </span>
    </p>

    <p class='ocr_par' dir='ltr' id='par_1_11' title="bbox 324 2161 1527 2246">
     <span class='ocr_line' id='line_1_17' title="bbox 324 2161 1527 2246; baseline 0.001 -22"><span class='ocrx_word' id='word_1_141' title='bbox 324 2181 403 2244; x_wconf 84' lang='lat' dir='ltr'>ergo</span> <span class='ocrx_word' id='word_1_142' title='bbox 422 2171 455 2226; x_wconf 90' lang='lat' dir='ltr'>et</span> <span class='ocrx_word' id='word_1_143' title='bbox 470 2161 534 2224; x_wconf 91' lang='lat' dir='ltr'>hoc</span> <span class='ocrx_word' id='word_1_144' title='bbox 549 2163 583 2225; x_wconf 92' lang='lat' dir='ltr'>in</span> <span class='ocrx_word' id='word_1_145' title='bbox 598 2162 689 2225; x_wconf 93' lang='lat' dir='ltr'>loco:</span> <span class='ocrx_word' id='word_1_146' title='bbox 714 2161 802 2226; x_wconf 86' lang='lat' dir='ltr'>nilu&#39;l</span> <span class='ocrx_word' id='word_1_147' title='bbox 812 2162 1019 2239; x_wconf 84' lang='lat' dir='ltr'>contuleruut,</span> <span class='ocrx_word' id='word_1_148' title='bbox 1037 2161 1100 2226; x_wconf 92' lang='lat' dir='ltr'>hoc</span> <span class='ocrx_word' id='word_1_149' title='bbox 1122 2173 1182 2239; x_wconf 90' lang='lat' dir='ltr'>est,</span> <span class='ocrx_word' id='word_1_150' title='bbox 1197 2165 1273 2246; x_wconf 89' lang='lat' dir='ltr'>‘ipsi</span> <span class='ocrx_word' id='word_1_151' title='bbox 1293 2164 1430 2246; x_wconf 89' lang='lat' dir='ltr'>quidem</span> <span class='ocrx_word' id='word_1_152' title='bbox 1446 2162 1527 2227; x_wconf 91' lang='lat' dir='ltr'>mihi</span> 
     </span>
    </p>

    <p class='ocr_par' dir='ltr' id='par_1_12' title="bbox 324 2262 1527 2449">
     <span class='ocr_line' id='line_1_18' title="bbox 324 2262 1527 2350; baseline 0.004 -25"><span class='ocrx_word' id='word_1_153' title='bbox 324 2262 405 2326; x_wconf 91' lang='lat' dir='ltr'>nihil</span> <span class='ocrx_word' id='word_1_154' title='bbox 423 2265 623 2341; x_wconf 86' lang='lat' dir='ltr'>adiecerunt,</span> <span class='ocrx_word' id='word_1_155' title='bbox 636 2285 744 2346; x_wconf 89' lang='lat' dir='ltr'>neque</span> <span class='ocrx_word' id='word_1_156' title='bbox 756 2265 945 2350; x_wconf 87' lang='lat' dir='ltr'>participati</span> <span class='ocrx_word' id='word_1_157' title='bbox 956 2276 1035 2330; x_wconf 88' lang='lat' dir='ltr'>sunt</span> <span class='ocrx_word' id='word_1_158' title='bbox 1051 2266 1132 2330; x_wconf 91' lang='lat' dir='ltr'>mihi</span> <span class='ocrx_word' id='word_1_159' title='bbox 1147 2267 1322 2331; x_wconf 91' lang='lat' dir='ltr'>consilium</span> <span class='ocrx_word' id='word_1_160' title='bbox 1338 2267 1382 2331; x_wconf 88' lang='lat' dir='ltr'>de</span> <span class='ocrx_word' id='word_1_161' title='bbox 1397 2265 1527 2349; x_wconf 68' lang='lat' dir='ltr'>aliquo!</span> 
     </span>
     <span class='ocr_line' id='line_1_19' title="bbox 324 2366 815 2449; baseline 0.006 -20"><span class='ocrx_word' id='word_1_162' title='bbox 324 2366 415 2449; x_wconf 93' lang='lat' dir='ltr'>quod</span> <span class='ocrx_word' id='word_1_163' title='bbox 435 2377 548 2431; x_wconf 85' lang='lat' dir='ltr'>autem</span> <span class='ocrx_word' id='word_1_164' title='bbox 571 2369 725 2432; x_wconf 86' lang='lat' dir='ltr'>additum</span> <span class='ocrx_word' id='word_1_165' title='bbox 747 2377 815 2432; x_wconf 89' lang='lat' dir='ltr'>est:</span> 
     </span>
    </p>
   </div>
   <div class='ocr_carea' id='block_1_5' title="bbox 233 2511 1531 3008">
    <p class='ocr_par' dir='ltr' id='par_1_13' title="bbox 233 2511 1531 3008">
     <span class='ocr_line' id='line_1_20' title="bbox 388 2511 1525 2597; baseline 0.002 -23"><span class='ocrx_word' id='word_1_166' title='bbox 388 2511 447 2575; x_wconf 85' lang='lat' dir='ltr'>sed</span> <span class='ocrx_word' id='word_1_167' title='bbox 457 2512 649 2576; x_wconf 84' lang='lat' dir='ltr'>econtrario</span> <span class='ocrx_word' id='word_1_168' title='bbox 664 2513 807 2577; x_wconf 83' lang='lat' dir='ltr'>uidentes</span> <span class='ocrx_word' id='word_1_169' title='bbox 821 2515 974 2596; x_wconf 85' lang='lat' dir='ltr'>quonium</span> <span class='ocrx_word' id='word_1_170' title='bbox 989 2514 1146 2577; x_wconf 83' lang='lat' dir='ltr'>creditum</span> <span class='ocrx_word' id='word_1_171' title='bbox 1162 2524 1211 2578; x_wconf 83' lang='lat' dir='ltr'>est</span> <span class='ocrx_word' id='word_1_172' title='bbox 1223 2515 1308 2578; x_wconf 78' lang='lat' dir='ltr'>milii</span> <span class='ocrx_word' id='word_1_173' title='bbox 1322 2513 1525 2597; x_wconf 84' lang='lat' dir='ltr'>euangelium</span> 
     </span>
     <span class='ocr_line' id='line_1_21' title="bbox 270 2599 1530 2700; baseline 0.007 -27"><span class='ocrx_word' id='word_1_174' title='bbox 270 2599 501 2697; x_wconf 70' lang='lat' dir='ltr'>zopraeputr&#39;i&#39;</span> <span class='ocrx_word' id='word_1_175' title='bbox 517 2616 601 2680; x_wconf 86' lang='lat' dir='ltr'>sicut</span> <span class='ocrx_word' id='word_1_176' title='bbox 628 2625 660 2678; x_wconf 85' lang='lat' dir='ltr'>et</span> <span class='ocrx_word' id='word_1_177' title='bbox 687 2615 786 2680; x_wconf 81' lang='lat' dir='ltr'>Petro</span> <span class='ocrx_word' id='word_1_178' title='bbox 815 2617 1067 2682; x_wconf 77' lang='lat' dir='ltr'>circumcisionis</span> <span class='ocrx_word' id='word_1_179' title='bbox 1099 2617 1171 2700; x_wconf 84' lang='lat' dir='ltr'>(qui</span> <span class='ocrx_word' id='word_1_180' title='bbox 1197 2618 1283 2682; x_wconf 77' lang='lat' dir='ltr'>euim</span> <span class='ocrx_word' id='word_1_181' title='bbox 1312 2629 1459 2700; x_wconf 80' lang='lat' dir='ltr'>operatus</span> <span class='ocrx_word' id='word_1_182' title='bbox 1483 2629 1530 2682; x_wconf 83' lang='lat' dir='ltr'>est</span> 
     </span>
     <span class='ocr_line' id='line_1_22' title="bbox 233 2717 1531 2803; baseline 0.006 -24"><span class='ocrx_word' id='word_1_183' title='bbox 233 2725 237 2734; x_wconf 89' lang='lat'>&#39;</span> <span class='ocrx_word' id='word_1_184' title='bbox 324 2717 423 2780; x_wconf 83' lang='lat' dir='ltr'>Petro</span> <span class='ocrx_word' id='word_1_185' title='bbox 448 2717 483 2781; x_wconf 91' lang='lat' dir='ltr'>iu</span> <span class='ocrx_word' id='word_1_186' title='bbox 508 2719 720 2800; x_wconf 74' lang='lat' dir='ltr'>apostolatum</span> <span class='ocrx_word' id='word_1_187' title='bbox 748 2719 1009 2797; x_wconf 79' lang='lat' dir='ltr'>circumcisionis,</span> <span class='ocrx_word' id='word_1_188' title='bbox 1033 2731 1181 2803; x_wconf 83' lang='lat' dir='ltr'>operatus</span> <span class='ocrx_word' id='word_1_189' title='bbox 1205 2731 1308 2785; x_wconf 82' lang='lat' dir='ltr'>estet</span> <span class='ocrx_word' id='word_1_190' title='bbox 1332 2722 1417 2786; x_wconf 80' lang='lat' dir='ltr'>mihi</span> <span class='ocrx_word' id='word_1_191' title='bbox 1445 2723 1531 2787; x_wconf 86' lang='lat' dir='ltr'>iuter</span> 
     </span>
     <span class='ocr_line' id='line_1_23' title="bbox 319 2822 1530 2906; baseline 0 -18"><span class='ocrx_word' id='word_1_192' title='bbox 319 2822 467 2904; x_wconf 79' lang='lat' dir='ltr'>genter),·</span> <span class='ocrx_word' id='word_1_193' title='bbox 493 2832 524 2886; x_wconf 85' lang='lat' dir='ltr'>et</span> <span class='ocrx_word' id='word_1_194' title='bbox 545 2832 756 2904; x_wconf 77' lang='lat' dir='ltr'>coguoscentur</span> <span class='ocrx_word' id='word_1_195' title='bbox 773 2825 925 2904; x_wconf 70' lang='lat' dir='ltr'>grauium</span> <span class='ocrx_word' id='word_1_196' title='bbox 951 2845 1033 2906; x_wconf 79' lang='lat' dir='ltr'>quae</span> <span class='ocrx_word' id='word_1_197' title='bbox 1055 2824 1135 2888; x_wconf 84' lang='lat' dir='ltr'>data</span> <span class='ocrx_word' id='word_1_198' title='bbox 1159 2835 1207 2889; x_wconf 83' lang='lat' dir='ltr'>est</span> <span class='ocrx_word' id='word_1_199' title='bbox 1233 2825 1323 2901; x_wconf 77' lang='lat' dir='ltr'>milii,</span> <span class='ocrx_word' id='word_1_200' title='bbox 1347 2825 1481 2888; x_wconf 83' lang='lat' dir='ltr'>Iacobus</span> <span class='ocrx_word' id='word_1_201' title='bbox 1499 2836 1530 2889; x_wconf 85' lang='lat' dir='ltr'>et</span> 
     </span>
     <span class='ocr_line' id='line_1_24' title="bbox 328 2925 1527 3008; baseline 0.003 -19"><span class='ocrx_word' id='word_1_202' title='bbox 328 2925 447 3008; x_wconf 72' lang='lat' dir='ltr'>Cipius</span> <span class='ocrx_word' id='word_1_203' title='bbox 474 2936 505 2990; x_wconf 83' lang='lat' dir='ltr'>et</span> <span class='ocrx_word' id='word_1_204' title='bbox 529 2925 697 3002; x_wconf 71' lang='lat' dir='ltr'>lolianus,</span> <span class='ocrx_word' id='word_1_205' title='bbox 724 2947 779 3008; x_wconf 83' lang='lat' dir='ltr'>qui</span> <span class='ocrx_word' id='word_1_206' title='bbox 805 2926 1002 2991; x_wconf 83' lang='lat' dir='ltr'>uidebantur</span> <span class='ocrx_word' id='word_1_207' title='bbox 1022 2929 1191 2992; x_wconf 79' lang='lat' dir='ltr'>columnae</span> <span class='ocrx_word' id='word_1_208' title='bbox 1217 2950 1289 3006; x_wconf 83' lang='lat' dir='ltr'>esse,</span> <span class='ocrx_word' id='word_1_209' title='bbox 1316 2927 1448 2992; x_wconf 84' lang='lat' dir='ltr'>dextras</span> <span class='ocrx_word' id='word_1_210' title='bbox 1476 2928 1527 2992; x_wconf 78' lang='lat' dir='ltr'>de·</span> 
     </span>
    </p>
   </div>
   <div class='ocr_carea' id='block_1_6' title="bbox 327 3102 1532 3254">
    <p class='ocr_par' dir='ltr' id='par_1_14' title="bbox 327 3102 1532 3254">
     <span class='ocr_line' id='line_1_25' title="bbox 376 3102 1529 3172; baseline 0.003 -19"><span class='ocrx_word' id='word_1_211' title='bbox 376 3102 729 3167; x_wconf 75' lang='lat' dir='ltr'>rinteriacensCquuod</span> <span class='ocrx_word' id='word_1_212' title='bbox 738 3103 793 3151; x_wconf 80' lang='lat' dir='ltr'>dixi</span> <span class='ocrx_word' id='word_1_213' title='bbox 808 3103 872 3152; x_wconf 92' lang='lat' dir='ltr'>CH</span> <span class='ocrx_word' id='word_1_214' title='bbox 972 3103 1106 3154; x_wconf 79' lang='lat' dir='ltr'>dassensu</span> <span class='ocrx_word' id='word_1_215' title='bbox 1117 3105 1150 3154; x_wconf 88' lang='lat' dir='ltr'><em>H</em></span> <span class='ocrx_word' id='word_1_216' title='bbox 1157 3104 1206 3166; x_wconf 71' lang='grc' dir='ltr'>[θ’</span> <span class='ocrx_word' id='word_1_217' title='bbox 1216 3105 1236 3166; x_wconf 77' lang='grc' dir='ltr'>θ]</span> <span class='ocrx_word' id='word_1_218' title='bbox 1345 3117 1373 3168; x_wconf 83' lang='lat'>17</span> <span class='ocrx_word' id='word_1_219' title='bbox 1390 3107 1529 3172; x_wconf 64' lang='lat' dir='ltr'>dereliquid</span> 
     </span>
     <span class='ocr_line' id='line_1_26' title="bbox 327 3185 1532 3254; baseline 0.002 -17"><span class='ocrx_word' id='word_1_220' title='bbox 327 3187 390 3237; x_wconf 87' lang='lat' dir='ltr'>CH</span> <span class='ocrx_word' id='word_1_221' title='bbox 404 3187 525 3249; x_wconf 67' lang='lat' dir='ltr'>[Romen</span> <span class='ocrx_word' id='word_1_222' title='bbox 538 3201 593 3248; x_wconf 85' lang='lat'>410,</span> <span class='ocrx_word' id='word_1_223' title='bbox 609 3199 672 3248; x_wconf 82' lang='lat'>523;</span> <span class='ocrx_word' id='word_1_224' title='bbox 690 3185 773 3234; x_wconf 81' lang='lat' dir='ltr'>Tisch.</span> <span class='ocrx_word' id='word_1_225' title='bbox 789 3186 846 3235; x_wconf 86' lang='lat' dir='ltr'>Cod.</span> <span class='ocrx_word' id='word_1_226' title='bbox 861 3186 957 3235; x_wconf 77' lang='lat' dir='ltr'>Amiut.</span> <span class='ocrx_word' id='word_1_227' title='bbox 971 3187 1033 3250; x_wconf 91' lang='lat' dir='ltr'>prol.</span> <span class='ocrx_word' id='word_1_228' title='bbox 1049 3203 1073 3250; x_wconf 77' lang='lat' dir='ltr'>p</span> <span class='ocrx_word' id='word_1_229' title='bbox 1086 3186 1164 3247; x_wconf 74' lang='lat' dir='ltr'>xxxi]</span> <span class='ocrx_word' id='word_1_230' title='bbox 1236 3201 1268 3249; x_wconf 81' lang='lat'>23</span> <span class='ocrx_word' id='word_1_231' title='bbox 1284 3185 1340 3236; x_wconf 92' lang='lat' dir='ltr'>Ioh.</span> <span class='ocrx_word' id='word_1_232' title='bbox 1353 3197 1378 3236; x_wconf 87' lang='lat' dir='ltr'>et</span> <span class='ocrx_word' id='word_1_233' title='bbox 1396 3188 1497 3254; x_wconf 79' lang='lat' dir='ltr'>Cephas</span> <span class='ocrx_word' id='word_1_234' title='bbox 1510 3190 1532 3239; x_wconf 87' lang='lat' dir='ltr'><em>C</em></span> 
     </span>
    </p>
   </div>
   <div class='ocr_carea' id='block_1_7' title="bbox 324 3322 1532 4526">
    <p class='ocr_par' dir='ltr' id='par_1_15' title="bbox 325 3322 1532 3716">
     <span class='ocr_line' id='line_1_27' title="bbox 325 3322 1530 3390; baseline 0.002 -16"><span class='ocrx_word' id='word_1_235' title='bbox 325 3327 357 3390; x_wconf 86' lang='lat' dir='ltr'>by</span> <span class='ocrx_word' id='word_1_236' title='bbox 375 3325 396 3374; x_wconf 86' lang='lat' dir='ltr'>ol</span> <span class='ocrx_word' id='word_1_237' title='bbox 417 3325 537 3373; x_wconf 79' lang='grc' dir='ltr'><strong><em>δοκοῦντες</em></strong></span> <span class='ocrx_word' id='word_1_238' title='bbox 556 3324 585 3373; x_wconf 83' lang='lat' dir='ltr'>oi</span> <span class='ocrx_word' id='word_1_239' title='bbox 604 3341 627 3372; x_wconf 91' lang='lat' dir='ltr'>v.</span> <span class='ocrx_word' id='word_1_240' title='bbox 643 3322 665 3374; x_wconf 88' lang='lat'>6.</span> <span class='ocrx_word' id='word_1_241' title='bbox 705 3324 739 3374; x_wconf 93' lang='lat' dir='ltr'>So</span> <span class='ocrx_word' id='word_1_242' title='bbox 764 3325 901 3375; x_wconf 82' lang='lat' dir='ltr'>Lansranc:</span> <span class='ocrx_word' id='word_1_243' title='bbox 951 3325 1530 3389; x_wconf 73' lang='grc' dir='ltr'><strong><em>ἐμὰούκιιθεΐλονσθδὲδιώρθωσιιν,οδδὲπροσ·</em></strong></span> 
     </span>
     <span class='ocr_line' id='line_1_28' title="bbox 326 3404 1530 3466; baseline 0.002 -12"><span class='ocrx_word' id='word_1_244' title='bbox 326 3409 385 3455; x_wconf 84' lang='lat' dir='ltr'>“est</span> <span class='ocrx_word' id='word_1_245' title='bbox 404 3405 560 3454; x_wconf 81' lang='lat' dir='ltr'>interlaciens</span> <span class='ocrx_word' id='word_1_246' title='bbox 578 3405 736 3466; x_wconf 82' lang='lat' dir='ltr'>[interiacens</span> <span class='ocrx_word' id='word_1_247' title='bbox 752 3404 801 3465; x_wconf 69' lang='lat' dir='ltr'>ed]</span> <span class='ocrx_word' id='word_1_248' title='bbox 820 3405 853 3454; x_wconf 81' lang='lat' dir='ltr'>ab</span> <span class='ocrx_word' id='word_1_249' title='bbox 872 3421 903 3454; x_wconf 84' lang='lat' dir='ltr'>eo</span> <span class='ocrx_word' id='word_1_250' title='bbox 952 3408 1058 3464; x_wconf 82' lang='grc' dir='ltr'><strong><em>έθηκιιν</em></strong></span> <span class='ocrx_word' id='word_1_251' title='bbox 1082 3407 1112 3455; x_wconf 77' lang='lat' dir='ltr'>du</span> <span class='ocrx_word' id='word_1_252' title='bbox 1135 3405 1220 3454; x_wconf 76' lang='grc' dir='ltr'><strong><em>ἐνδεῶι</em></strong></span> <span class='ocrx_word' id='word_1_253' title='bbox 1242 3407 1340 3466; x_wconf 78' lang='grc' dir='ltr'><strong><em>ἔχουσιν</em></strong></span> <span class='ocrx_word' id='word_1_254' title='bbox 1358 3409 1446 3456; x_wconf 72' lang='grc' dir='ltr'>αὐτοῖς.</span> <span class='ocrx_word' id='word_1_255' title='bbox 1487 3407 1530 3456; x_wconf 87' lang='lat' dir='ltr'>He</span> 
     </span>
     <span class='ocr_line' id='line_1_29' title="bbox 325 3485 1530 3550; baseline -0.003 -12"><span class='ocrx_word' id='word_1_256' title='bbox 325 3489 381 3539; x_wconf 93' lang='lat' dir='ltr'>loco</span> <span class='ocrx_word' id='word_1_257' title='bbox 396 3486 542 3536; x_wconf 88' lang='lat' dir='ltr'>ubidicitur</span> <span class='ocrx_word' id='word_1_258' title='bbox 557 3485 599 3534; x_wconf 83' lang='lat' dir='ltr'>sed</span> <span class='ocrx_word' id='word_1_259' title='bbox 611 3501 685 3549; x_wconf 86' lang='lat' dir='ltr'>mque</span> <span class='ocrx_word' id='word_1_260' title='bbox 700 3487 770 3535; x_wconf 84' lang='lat' dir='ltr'>Titus</span> <span class='ocrx_word' id='word_1_261' title='bbox 781 3486 902 3550; x_wconf 84' lang='lat' dir='ltr'>usquead</span> <span class='ocrx_word' id='word_1_262' title='bbox 951 3486 1022 3543; x_wconf 83' lang='lat' dir='ltr'>adds,</span> <span class='ocrx_word' id='word_1_263' title='bbox 1038 3485 1101 3534; x_wconf 78' lang='grc' dir='ltr'><strong><em>σινὲι</em></strong></span> <span class='ocrx_word' id='word_1_264' title='bbox 1114 3487 1159 3544; x_wconf 79' lang='grc' dir='ltr'>μὲν</span> <span class='ocrx_word' id='word_1_265' title='bbox 1172 3486 1247 3546; x_wconf 74' lang='grc' dir='ltr'><strong><em>φασὶν</em></strong></span> <span class='ocrx_word' id='word_1_266' title='bbox 1264 3487 1336 3534; x_wconf 83' lang='grc' dir='ltr'>τοῦτο</span> <span class='ocrx_word' id='word_1_267' title='bbox 1353 3488 1425 3535; x_wconf 80' lang='grc' dir='ltr'><strong><em>αὐτὸν</em></strong></span> <span class='ocrx_word' id='word_1_268' title='bbox 1440 3487 1530 3549; x_wconf 60' lang='grc' dir='ltr'>λέγειν,</span> 
     </span>
     <span class='ocr_line' id='line_1_30' title="bbox 325 3562 1531 3632; baseline -0.003 -12"><span class='ocrx_word' id='word_1_269' title='bbox 325 3571 422 3620; x_wconf 90' lang='lat' dir='ltr'>locum:</span> <span class='ocrx_word' id='word_1_270' title='bbox 440 3567 505 3617; x_wconf 80' lang='lat' dir='ltr'>mihi</span> <span class='ocrx_word' id='word_1_271' title='bbox 519 3574 599 3616; x_wconf 71' lang='lat' dir='ltr'>aurun</span> <span class='ocrx_word' id='word_1_272' title='bbox 617 3568 682 3632; x_wconf 81' lang='lat' dir='ltr'>[qui]</span> <span class='ocrx_word' id='word_1_273' title='bbox 697 3567 845 3617; x_wconf 81' lang='lat' dir='ltr'>uidebantur</span> <span class='ocrx_word' id='word_1_274' title='bbox 857 3583 904 3618; x_wconf 82' lang='lat' dir='ltr'>esse</span> <span class='ocrx_word' id='word_1_275' title='bbox 951 3567 988 3615; x_wconf 86' lang='grc' dir='ltr'>δτι</span> <span class='ocrx_word' id='word_1_276' title='bbox 1005 3569 1032 3615; x_wconf 82' lang='grc' dir='ltr'>οδ</span> <span class='ocrx_word' id='word_1_277' title='bbox 1048 3567 1119 3626; x_wconf 68' lang='lat' dir='ltr'>uduo»</span> <span class='ocrx_word' id='word_1_278' title='bbox 1135 3567 1207 3615; x_wconf 83' lang='grc' dir='ltr'><strong><em>ιθτδν</em></strong></span> <span class='ocrx_word' id='word_1_279' title='bbox 1224 3562 1266 3614; x_wconf 76' lang='grc' dir='ltr'>οὐκ</span> <span class='ocrx_word' id='word_1_280' title='bbox 1282 3568 1390 3627; x_wconf 68' lang='grc' dir='ltr'>ἐδίδαξαν</span> <span class='ocrx_word' id='word_1_281' title='bbox 1407 3569 1475 3617; x_wconf 71' lang='grc' dir='ltr'>ἀλλὰ</span> <span class='ocrx_word' id='word_1_282' title='bbox 1491 3570 1531 3618; x_wconf 80' lang='lat' dir='ltr'>rol</span> 
     </span>
     <span class='ocr_line' id='line_1_31' title="bbox 325 3645 1532 3716; baseline -0.002 -15"><span class='ocrx_word' id='word_1_283' title='bbox 325 3650 445 3716; x_wconf 76' lang='lat' dir='ltr'>ali&#39;pur&#39;d.&#39;‘</span> <span class='ocrx_word' id='word_1_284' title='bbox 951 3648 1114 3710; x_wconf 71' lang='grc' dir='ltr'>ἐδιδάχθησαν</span> <span class='ocrx_word' id='word_1_285' title='bbox 1134 3645 1189 3710; x_wconf 73' lang='grc' dir='ltr'>παρ’</span> <span class='ocrx_word' id='word_1_286' title='bbox 1209 3646 1290 3697; x_wconf 82' lang='grc' dir='ltr'>αὐτοῦ·</span> <span class='ocrx_word' id='word_1_287' title='bbox 1318 3648 1369 3710; x_wconf 71' lang='grc' dir='ltr'>ἐγὼ</span> <span class='ocrx_word' id='word_1_288' title='bbox 1390 3649 1416 3698; x_wconf 71' lang='grc' dir='ltr'>δὲ</span> <span class='ocrx_word' id='word_1_289' title='bbox 1439 3647 1480 3698; x_wconf 80' lang='grc' dir='ltr'>οὐκ</span> <span class='ocrx_word' id='word_1_290' title='bbox 1502 3647 1532 3698; x_wconf 71' lang='grc' dir='ltr'>ἂν</span> 
     </span>
    </p>

    <p class='ocr_par' dir='ltr' id='par_1_16' title="bbox 324 3730 1531 3959">
     <span class='ocr_line' id='line_1_32' title="bbox 359 3730 1531 3796; baseline -0.001 -15"><span class='ocrx_word' id='word_1_291' title='bbox 359 3749 381 3796; x_wconf 84' lang='lat'>3.</span> <span class='ocrx_word' id='word_1_292' title='bbox 416 3733 461 3781; x_wconf 87' lang='lat' dir='ltr'>illa</span> <span class='ocrx_word' id='word_1_293' title='bbox 476 3732 555 3780; x_wconf 82' lang='lat' dir='ltr'>docere</span> <span class='ocrx_word' id='word_1_294' title='bbox 563 3739 643 3796; x_wconf 67' lang='lat' dir='ltr'>prop,</span> <span class='ocrx_word' id='word_1_295' title='bbox 657 3748 725 3796; x_wconf 77' lang='lat' dir='ltr'>quae,</span> <span class='ocrx_word' id='word_1_296' title='bbox 742 3730 798 3792; x_wconf 77' lang='lat' dir='ltr'>&amp;ol</span> <span class='ocrx_word' id='word_1_297' title='bbox 825 3732 904 3780; x_wconf 70' lang='grc' dir='ltr'>ταῦτα</span> <span class='ocrx_word' id='word_1_298' title='bbox 952 3732 1131 3790; x_wconf 74' lang='grc' dir='ltr'><strong><em>εθσσιμιτοῦτσ.</em></strong></span> <span class='ocrx_word' id='word_1_299' title='bbox 1166 3731 1197 3779; x_wconf 92' lang='lat' dir='ltr'>In</span> <span class='ocrx_word' id='word_1_300' title='bbox 1209 3730 1251 3780; x_wconf 89' lang='lat' dir='ltr'>the</span> <span class='ocrx_word' id='word_1_301' title='bbox 1263 3732 1360 3796; x_wconf 83' lang='lat' dir='ltr'>margin</span> <span class='ocrx_word' id='word_1_302' title='bbox 1371 3732 1401 3781; x_wconf 84' lang='lat' dir='ltr'>oi</span> <span class='ocrx_word' id='word_1_303' title='bbox 1408 3731 1531 3782; x_wconf 82' lang='lat' dir='ltr'>Cramer‘s</span> 
     </span>
     <span class='ocr_line' id='line_1_33' title="bbox 326 3811 1528 3878; baseline -0.004 -13"><span class='ocrx_word' id='word_1_304' title='bbox 326 3817 435 3865; x_wconf 76' lang='grc' dir='ltr'>σπεύδων</span> <span class='ocrx_word' id='word_1_305' title='bbox 446 3812 573 3874; x_wconf 73' lang='grc' dir='ltr'><strong><em>διδάσκειν,</em></strong></span> <span class='ocrx_word' id='word_1_306' title='bbox 586 3817 630 3874; x_wconf 74' lang='grc' dir='ltr'>τίς,</span> <span class='ocrx_word' id='word_1_307' title='bbox 644 3816 719 3863; x_wconf 85' lang='grc' dir='ltr'><strong>κ.τ.λ.</strong></span> <span class='ocrx_word' id='word_1_308' title='bbox 740 3814 778 3864; x_wconf 90' lang='lat' dir='ltr'>Or</span> <span class='ocrx_word' id='word_1_309' title='bbox 788 3814 834 3864; x_wconf 84' lang='lat' dir='ltr'>illa</span> <span class='ocrx_word' id='word_1_310' title='bbox 845 3829 903 3878; x_wconf 87' lang='lat' dir='ltr'>may</span> <span class='ocrx_word' id='word_1_311' title='bbox 954 3813 1056 3872; x_wconf 80' lang='lat' dir='ltr'>Coteua,</span> <span class='ocrx_word' id='word_1_312' title='bbox 1080 3812 1162 3861; x_wconf 86' lang='lat' dir='ltr'>where</span> <span class='ocrx_word' id='word_1_313' title='bbox 1185 3811 1234 3860; x_wconf 88' lang='lat' dir='ltr'>this</span> <span class='ocrx_word' id='word_1_314' title='bbox 1250 3812 1348 3860; x_wconf 84' lang='lat' dir='ltr'>remark</span> <span class='ocrx_word' id='word_1_315' title='bbox 1366 3811 1386 3860; x_wconf 90' lang='lat' dir='ltr'>is</span> <span class='ocrx_word' id='word_1_316' title='bbox 1404 3812 1528 3876; x_wconf 85' lang='lat' dir='ltr'>repeated,</span> 
     </span>
     <span class='ocr_line' id='line_1_34' title="bbox 324 3893 1531 3959; baseline -0.004 -12"><span class='ocrx_word' id='word_1_317' title='bbox 324 3899 356 3947; x_wconf 89' lang='lat' dir='ltr'>be</span> <span class='ocrx_word' id='word_1_318' title='bbox 368 3912 401 3946; x_wconf 81' lang='lat' dir='ltr'>an</span> <span class='ocrx_word' id='word_1_319' title='bbox 411 3911 479 3946; x_wconf 88' lang='lat' dir='ltr'>error</span> <span class='ocrx_word' id='word_1_320' title='bbox 490 3895 529 3944; x_wconf 82' lang='lat' dir='ltr'>for</span> <span class='ocrx_word' id='word_1_321' title='bbox 539 3894 620 3944; x_wconf 79' lang='lat' dir='ltr'>illam.</span> <span class='ocrx_word' id='word_1_322' title='bbox 953 3895 995 3944; x_wconf 89' lang='lat' dir='ltr'>the</span> <span class='ocrx_word' id='word_1_323' title='bbox 1006 3894 1102 3959; x_wconf 83' lang='lat' dir='ltr'>copyist</span> <span class='ocrx_word' id='word_1_324' title='bbox 1112 3893 1159 3943; x_wconf 83' lang='lat' dir='ltr'>has</span> <span class='ocrx_word' id='word_1_325' title='bbox 1167 3893 1265 3942; x_wconf 80' lang='lat' dir='ltr'>written</span> <span class='ocrx_word' id='word_1_326' title='bbox 1277 3893 1409 3942; x_wconf 74' lang='grc' dir='ltr'><strong><em>αἰνίττεται</em></strong></span> <span class='ocrx_word' id='word_1_327' title='bbox 1420 3895 1531 3944; x_wconf 76' lang='grc' dir='ltr'><strong><em>θθοδω-</em></strong></span> 
     </span>
    </p>

    <p class='ocr_par' dir='ltr' id='par_1_17' title="bbox 324 3975 1532 4444">
     <span class='ocr_line' id='line_1_35' title="bbox 356 3975 1531 4044; baseline 0 -18"><span class='ocrx_word' id='word_1_328' title='bbox 356 3993 380 4044; x_wconf 89' lang='lat'>9.</span> <span class='ocrx_word' id='word_1_329' title='bbox 411 3975 793 4041; x_wconf 66' lang='lat' dir='ltr'>conferrediciturcommaeuin]</span> <span class='ocrx_word' id='word_1_330' title='bbox 810 3977 902 4043; x_wconf 89' lang='lat' dir='ltr'>Comp.</span> <span class='ocrx_word' id='word_1_331' title='bbox 951 3993 1000 4039; x_wconf 87' lang='grc' dir='ltr'>ρσν</span> <span class='ocrx_word' id='word_1_332' title='bbox 1016 3977 1055 4025; x_wconf 77' lang='lat' dir='ltr'>nul</span> <span class='ocrx_word' id='word_1_333' title='bbox 1073 3977 1217 4038; x_wconf 80' lang='grc' dir='ltr'><strong><em>Σευηριανὸν</em></strong></span> <span class='ocrx_word' id='word_1_334' title='bbox 1229 3977 1269 4024; x_wconf 75' lang='grc' dir='ltr'>καὶ</span> <span class='ocrx_word' id='word_1_335' title='bbox 1281 3976 1405 4038; x_wconf 65' lang='lat' dir='ltr'>direptor.</span> <span class='ocrx_word' id='word_1_336' title='bbox 1440 3975 1489 4026; x_wconf 78' lang='lat' dir='ltr'>But</span> <span class='ocrx_word' id='word_1_337' title='bbox 1504 3991 1531 4025; x_wconf 78' lang='lat' dir='ltr'>as</span> 
     </span>
     <span class='ocr_line' id='line_1_36' title="bbox 324 4057 1532 4122; baseline -0.007 -9"><span class='ocrx_word' id='word_1_338' title='bbox 324 4063 367 4113; x_wconf 85' lang='lat' dir='ltr'>the</span> <span class='ocrx_word' id='word_1_339' title='bbox 378 4076 469 4111; x_wconf 86' lang='lat' dir='ltr'>comm.</span> <span class='ocrx_word' id='word_1_340' title='bbox 481 4075 515 4108; x_wconf 93' lang='lat' dir='ltr'>on</span> <span class='ocrx_word' id='word_1_341' title='bbox 527 4061 554 4108; x_wconf 86' lang='grc' dir='ltr'>οδ</span> <span class='ocrx_word' id='word_1_342' title='bbox 568 4059 750 4122; x_wconf 66' lang='grc' dir='ltr'>προσανεθέμην</span> <span class='ocrx_word' id='word_1_343' title='bbox 761 4057 787 4122; x_wconf 85' lang='lat' dir='ltr'>(i.</span> <span class='ocrx_word' id='word_1_344' title='bbox 802 4057 841 4122; x_wconf 82' lang='lat'>17)</span> <span class='ocrx_word' id='word_1_345' title='bbox 853 4061 903 4110; x_wconf 77' lang='lat' dir='ltr'>und</span> <span class='ocrx_word' id='word_1_346' title='bbox 951 4058 989 4107; x_wconf 81' lang='lat' dir='ltr'>sar</span> <span class='ocrx_word' id='word_1_347' title='bbox 1006 4073 1033 4108; x_wconf 82' lang='lat' dir='ltr'>as</span> <span class='ocrx_word' id='word_1_348' title='bbox 1051 4058 1101 4108; x_wconf 83' lang='lat' dir='ltr'>Th.</span> <span class='ocrx_word' id='word_1_349' title='bbox 1119 4058 1139 4107; x_wconf 85' lang='lat' dir='ltr'>is</span> <span class='ocrx_word' id='word_1_350' title='bbox 1157 4058 1304 4114; x_wconf 87' lang='lat' dir='ltr'>concerned,</span> <span class='ocrx_word' id='word_1_351' title='bbox 1326 4057 1368 4106; x_wconf 86' lang='lat' dir='ltr'>the</span> <span class='ocrx_word' id='word_1_352' title='bbox 1385 4057 1452 4121; x_wconf 81' lang='lat' dir='ltr'>gloss</span> <span class='ocrx_word' id='word_1_353' title='bbox 1470 4057 1532 4105; x_wconf 85' lang='lat' dir='ltr'>does</span> 
     </span>
     <span class='ocr_line' id='line_1_37' title="bbox 325 4137 1532 4204; baseline -0.007 -12"><span class='ocrx_word' id='word_1_354' title='bbox 325 4144 444 4202; x_wconf 75' lang='grc' dir='ltr'><strong><em>ἀνεθέμην</em></strong></span> <span class='ocrx_word' id='word_1_355' title='bbox 461 4141 540 4190; x_wconf 69' lang='lat' dir='ltr'>adroic</span> <span class='ocrx_word' id='word_1_356' title='bbox 558 4138 594 4204; x_wconf 80' lang='lat' dir='ltr'>(ii.</span> <span class='ocrx_word' id='word_1_357' title='bbox 615 4137 649 4201; x_wconf 79' lang='grc' dir='ltr'>ι),</span> <span class='ocrx_word' id='word_1_358' title='bbox 669 4139 718 4187; x_wconf 83' lang='lat' dir='ltr'>and</span> <span class='ocrx_word' id='word_1_359' title='bbox 736 4148 808 4188; x_wconf 80' lang='lat' dir='ltr'>notes</span> <span class='ocrx_word' id='word_1_360' title='bbox 826 4141 902 4190; x_wconf 82' lang='lat' dir='ltr'>there.</span> <span class='ocrx_word' id='word_1_361' title='bbox 952 4146 996 4189; x_wconf 89' lang='lat' dir='ltr'>not</span> <span class='ocrx_word' id='word_1_362' title='bbox 1016 4155 1083 4188; x_wconf 90' lang='lat' dir='ltr'>seem</span> <span class='ocrx_word' id='word_1_363' title='bbox 1103 4146 1130 4189; x_wconf 91' lang='lat' dir='ltr'>to</span> <span class='ocrx_word' id='word_1_364' title='bbox 1146 4139 1179 4188; x_wconf 89' lang='lat' dir='ltr'>be</span> <span class='ocrx_word' id='word_1_365' title='bbox 1197 4139 1276 4188; x_wconf 89' lang='lat' dir='ltr'>borne</span> <span class='ocrx_word' id='word_1_366' title='bbox 1297 4146 1340 4188; x_wconf 86' lang='lat' dir='ltr'>out</span> <span class='ocrx_word' id='word_1_367' title='bbox 1360 4139 1393 4201; x_wconf 85' lang='lat' dir='ltr'>by</span> <span class='ocrx_word' id='word_1_368' title='bbox 1412 4137 1451 4186; x_wconf 82' lang='lat' dir='ltr'>his</span> <span class='ocrx_word' id='word_1_369' title='bbox 1465 4152 1532 4185; x_wconf 90' lang='lat' dir='ltr'>com-</span> 
     </span>
     <span class='ocr_line' id='line_1_38' title="bbox 325 4217 1531 4286; baseline -0.01 -10"><span class='ocrx_word' id='word_1_370' title='bbox 325 4225 382 4276; x_wconf 81' lang='lat' dir='ltr'>The</span> <span class='ocrx_word' id='word_1_371' title='bbox 399 4224 465 4274; x_wconf 84' lang='lat' dir='ltr'>lexx.</span> <span class='ocrx_word' id='word_1_372' title='bbox 483 4225 541 4286; x_wconf 81' lang='lat' dir='ltr'>give</span> <span class='ocrx_word' id='word_1_373' title='bbox 560 4221 683 4272; x_wconf 73' lang='lat' dir='ltr'>instantes</span> <span class='ocrx_word' id='word_1_374' title='bbox 702 4219 732 4268; x_wconf 83' lang='lat' dir='ltr'>of</span> <span class='ocrx_word' id='word_1_375' title='bbox 746 4219 795 4268; x_wconf 86' lang='lat' dir='ltr'>this</span> <span class='ocrx_word' id='word_1_376' title='bbox 815 4236 858 4270; x_wconf 88' lang='lat' dir='ltr'>use</span> <span class='ocrx_word' id='word_1_377' title='bbox 878 4220 908 4269; x_wconf 82' lang='lat' dir='ltr'>os</span> <span class='ocrx_word' id='word_1_378' title='bbox 952 4228 1073 4284; x_wconf 76' lang='lat' dir='ltr'>mentery,</span> <span class='ocrx_word' id='word_1_379' title='bbox 1087 4219 1171 4270; x_wconf 87' lang='lat' dir='ltr'>unless</span> <span class='ocrx_word' id='word_1_380' title='bbox 1182 4221 1224 4270; x_wconf 84' lang='lat' dir='ltr'>the</span> <span class='ocrx_word' id='word_1_381' title='bbox 1236 4235 1340 4285; x_wconf 76' lang='lat' dir='ltr'>passage</span> <span class='ocrx_word' id='word_1_382' title='bbox 1351 4217 1451 4268; x_wconf 79' lang='lat' dir='ltr'>alluded</span> <span class='ocrx_word' id='word_1_383' title='bbox 1467 4223 1494 4265; x_wconf 94' lang='lat' dir='ltr'>to</span> <span class='ocrx_word' id='word_1_384' title='bbox 1510 4217 1531 4264; x_wconf 88' lang='lat' dir='ltr'>is</span> 
     </span>
     <span class='ocr_line' id='line_1_39' title="bbox 325 4295 1531 4370; baseline -0.01 -14"><span class='ocrx_word' id='word_1_385' title='bbox 325 4304 546 4370; x_wconf 79' lang='grc' dir='ltr'><strong><em>προσσνστίθισθιιι</em></strong></span> <span class='ocrx_word' id='word_1_386' title='bbox 561 4303 587 4352; x_wconf 87' lang='lat' dir='ltr'>in</span> <span class='ocrx_word' id='word_1_387' title='bbox 602 4301 709 4352; x_wconf 90' lang='lat' dir='ltr'>Diodor.</span> <span class='ocrx_word' id='word_1_388' title='bbox 722 4299 773 4350; x_wconf 90' lang='lat' dir='ltr'>Sic.</span> <span class='ocrx_word' id='word_1_389' title='bbox 787 4301 836 4350; x_wconf 76' lang='lat' dir='ltr'>aud</span> <span class='ocrx_word' id='word_1_390' title='bbox 853 4301 902 4350; x_wconf 92' lang='lat' dir='ltr'>Lu·</span> <span class='ocrx_word' id='word_1_391' title='bbox 953 4301 995 4350; x_wconf 86' lang='lat' dir='ltr'>the</span> <span class='ocrx_word' id='word_1_392' title='bbox 1013 4303 1152 4364; x_wconf 87' lang='lat' dir='ltr'>exposition</span> <span class='ocrx_word' id='word_1_393' title='bbox 1167 4301 1197 4351; x_wconf 83' lang='lat' dir='ltr'>os</span> <span class='ocrx_word' id='word_1_394' title='bbox 1208 4317 1232 4348; x_wconf 88' lang='grc' dir='ltr'>ν.</span> <span class='ocrx_word' id='word_1_395' title='bbox 1246 4313 1259 4363; x_wconf 80' lang='lat'>7</span> <span class='ocrx_word' id='word_1_396' title='bbox 1273 4297 1322 4362; x_wconf 83' lang='lat' dir='ltr'>(“c</span> <span class='ocrx_word' id='word_1_397' title='bbox 1333 4295 1456 4348; x_wconf 76' lang='lat' dir='ltr'>contrario</span> <span class='ocrx_word' id='word_1_398' title='bbox 1471 4311 1531 4346; x_wconf 88' lang='lat' dir='ltr'>uero</span> 
     </span>
     <span class='ocr_line' id='line_1_40' title="bbox 325 4375 1418 4444; baseline -0.013 -7"><span class='ocrx_word' id='word_1_399' title='bbox 325 4389 388 4438; x_wconf 84' lang='lat' dir='ltr'>elan.</span> <span class='ocrx_word' id='word_1_400' title='bbox 953 4378 1000 4444; x_wconf 86' lang='lat' dir='ltr'>ipsi</span> <span class='ocrx_word' id='word_1_401' title='bbox 1012 4381 1165 4438; x_wconf 82' lang='lat' dir='ltr'>audientes,&#39;&#39;</span> <span class='ocrx_word' id='word_1_402' title='bbox 1178 4381 1232 4436; x_wconf 79' lang='lat' dir='ltr'>dre..</span> <span class='ocrx_word' id='word_1_403' title='bbox 1245 4395 1270 4442; x_wconf 90' lang='lat' dir='ltr'>p.</span> <span class='ocrx_word' id='word_1_404' title='bbox 1286 4393 1321 4443; x_wconf 83' lang='lat'>19,</span> <span class='ocrx_word' id='word_1_405' title='bbox 1337 4378 1352 4426; x_wconf 89' lang='grc'>1.</span> <span class='ocrx_word' id='word_1_406' title='bbox 1371 4375 1418 4437; x_wconf 74' lang='lat'>15).</span> 
     </span>
    </p>

    <p class='ocr_par' dir='ltr' id='par_1_18' title="bbox 360 4459 904 4526">
     <span class='ocr_line' id='line_1_41' title="bbox 360 4459 904 4526; baseline -0.018 -8"><span class='ocrx_word' id='word_1_407' title='bbox 360 4468 395 4518; x_wconf 80' lang='lat'>16.</span> <span class='ocrx_word' id='word_1_408' title='bbox 433 4467 498 4515; x_wconf 80' lang='lat' dir='ltr'>mihi</span> <span class='ocrx_word' id='word_1_409' title='bbox 504 4463 571 4514; x_wconf 78' lang='lat' dir='ltr'>nihil</span> <span class='ocrx_word' id='word_1_410' title='bbox 579 4459 729 4522; x_wconf 78' lang='lat' dir='ltr'>adiermcut]</span> <span class='ocrx_word' id='word_1_411' title='bbox 759 4461 859 4526; x_wconf 60' lang='lat' dir='ltr'>Chrysa</span> <span class='ocrx_word' id='word_1_412' title='bbox 873 4461 904 4508; x_wconf 74' lang='grc' dir='ltr'>τὰ</span> 
     </span>
    </p>
   </div>
   <div class='ocr_carea' id='block_1_8' title="bbox 0 0 1680 5220">
    <p class='ocr_par' dir='ltr' id='par_1_19' title="bbox 0 0 1680 5220">
     <span class='ocr_line' id='line_1_42' title="bbox 0 0 1680 5220; baseline 0 0"><span class='ocrx_word' id='word_1_413' title='bbox 0 0 1680 5220; x_wconf 95' lang='lat' dir='ltr'> </span> 
     </span>
    </p>
   </div>
  </div>
 </body>
</html>
