3340 5232
167 359 208 430 v.
228 359 378 446 15-18.]
569 372 612 425 ru
636 373 688 425 nr.
712 371 764 425 ιιι)
786 372 972 427 nrunsms,
1321 365 1378 430 181

232 551 371 634 quidam
401 550 560 614 dixerunt
589 549 751 633 quoniam'
778 549 903 616 multae
933 558 1027 614 erant
1064 549 1120 612 illo
1159 549 1193 614 in
1230 559 1381 634 tempore

166 659 296 740 gratiae
320 655 463 739 Spiritus
487 673 573 737 quae
593 652 758 716 dabantur
773 650 856 731 illis;
879 651 1023 716 dabatur
1046 639 1148 716 etiam
1169 673 1245 716 cum
1261 655 1379 718 ceteris

167 761 275 842 gratia
305 769 342 824 ut
371 768 405 823 et
434 757 582 840 psalmos
619 755 773 832 iacerent,
803 755 899 819 sicuti
938 764 972 820 et
1009 757 1110 821 beato
1150 758 1261 825 David
1300 772 1378 826 ante

169 862 292 928 Christi
322 863 504 926 aduentum
535 861 568 923 id
601 859 700 922 tribui
731 861 851 924 euenit.
896 879 999 924 unum
1035 862 1170 945 quidem
1204 863 1268 928 hoc
1298 876 1377 944 erat,

167 966 257 1048 quod
277 975 357 1030 tunc
376 972 550 1027 cantantes
573 962 618 1025 illi
643 963 699 1044 qui
723 963 866 1045 gratiam
882 964 983 1028 talem
1000 978 1197 1049 acceperant
1212 969 1376 1038 dicebant
1414 989 1429 1057 5

166 1065 257 1148 quod
275 1065 445 1148 apostolus
460 1065 493 1128 in
509 1065 737 1128 testimonium
753 1066 795 1128 ad
812 1086 968 1148 praesens
984 1067 1107 1130 abusus
1122 1068 1223 1134 luisse
1238 1071 1376 1138 uidetur.

167 1181 396 1236 uerumtamen
433 1167 717 1252 qualitercumque
755 1189 790 1232 se
827 1168 937 1246 habet,
967 1191 1028 1234 nos
1061 1192 1195 1236 sensum
1233 1176 1376 1258 apostoli

166 1273 360 1335 examinare
384 1270 553 1334 debemus.
602 1290 732 1353 ponens
758 1271 847 1334 enim
875 1272 971 1356 ipsud
999 1275 1227 1339 testimonium
1254 1277 1377 1340 adiecit

165 1372 434 1438 exhortationem
450 1373 585 1436 dicens:
1168 1391 1174 1402 ’

230 1508 334 1574 uidete
358 1508 473 1573 etenim
498 1509 651 1592 qumnedo
672 1519 762 1572 ceute
786 1509 963 1587 ambuletis,
989 1532 1053 1575 non
1076 1513 1160 1577 snut
1184 1513 1373 1598 insipientes,
1393 1529 1432 1578 10

167 1609 238 1696 [sed
257 1622 296 1675 ut
318 1609 514 1696 sape’ertter],·
541 1611 731 1675 redimentes
759 1623 888 1695 tempus,
912 1615 1064 1696 quantiam
1089 1617 1159 1680 dies
1180 1619 1264 1681 mali
1289 1630 1388 1691 sunt„

157 1727 290 1799 prepter
302 1716 359 1780 hec
372 1716 470 1779 nolite
473 1714 556 1799 fieri
570 1715 762 1798 insipientes,
777 1716 835 1780 sed
846 1717 1060 1801 intellegentes
1072 1740 1153 1801 qnae
1165 1721 1212 1784 sit
1225 1721 1376 1786 noluntas

164 1815 309 1881 Domini.

230 1943 315 2006 bene
330 1943 441 2026 posuit
456 1943 644 2008 redinantes
651 1969 666 2020 ‚·
690 1947 834 2028 eoquod
851 1946 884 2009 is
905 1947 961 2028 qui
981 1947 1105 2030 aliquid
1122 1949 1203 2014 emit
1218 1951 1261 2014 ad
1278 1971 1372 2016 suam

165 2045 353 2124 utilitatem,
368 2046 448 2112 illud
464 2050 553 2129 quod
570 2049 651 2112 emit
670 2050 781 2115 utitur.
825 2055 876 2114 ‘et
899 2059 934 2114 tu
961 2051 1093 2134 (inquit)
1114 2054 1193 2136 quia
1216 2075 1372 2137 praesens
1390 2062 1426 2136 15

165 2149 237 2212 uita
256 2149 402 2236 malitiae
424 2149 551 2236 repleta
574 2160 634 2227 est,
650 2151 795 2215 accelera
819 2172 895 2215 cum
920 2155 1084 2236 sapientia
1104 2156 1197 2220 abuti
1218 2157 1274 2221 illa
1294 2179 1372 2222 con·
1400 2163 1405 2170 '

165 2251 355 2331 uenientem
378 2253 471 2335 quasi
488 2253 653 2316 redimens
671 2256 815 2336 teipsum
840 2275 899 2337 per
923 2257 1088 2333 uirtutem,
1103 2266 1140 2322 ut
1164 2259 1371 2323 uoluntatem

167 2353 230 2417 Dei
247 2355 280 2417 in
296 2356 400 2419 uitam
416 2365 624 2437 praesentem
646 2357 797 2438 implens,
813 2358 1003 2440 adsequaris
1019 2368 1170 2424 aeternas
1186 2359 1372 2424 mercedes.'

165 2466 199 2521 et
215 2458 331 2521 iterum
348 2459 516 2521 connectit
531 2459 725 2523 consilium:

227 2595 260 2648 et
273 2586 368 2650 nolite
382 2585 542 2650 inebriari
555 2586 639 2662 uine,
655 2586 691 2652 in
710 2607 771 2669 qno
791 2589 840 2649 est
861 2586 966 2650 omnir
980 2587 1122 2662 luxurie,
1136 2585 1195 2649 sed
1206 2585 1374 2667 replemini
1386 2600 1428 2647 20

216 2741 472 2808 rintemp.illoH
565 2739 967 2806 ,equetquaenc'quodll
1076 2739 1377 2803 8ipsumC(c0rr)lI

166 2835 197 2871 10
212 2821 325 2871 enimH
399 2838 425 2872 ιι
444 2823 487 2872 sed
499 2829 527 2871 ut
538 2837 590 2887 sap.
605 2837 644 2871 em
658 2821 721 2871 CH
791 2823 819 2870 18
837 2821 862 2869 in
879 2821 931 2869 uita
948 2820 1193 2885 praesenticicerr)
1271 2834 1303 2870 no
1319 2819 1370 2869 ine·

164 2900 297 2951 briareC’

199 3033 221 3068 ι.
257 3017 359 3081 quitiam
381 3018 507 3074 εϋιιειιινιι,
525 3017 581 3080 irc]
614 3032 636 3067 e.
644 3033 668 3082 g.
695 3017 740 3067 Se·
792 3032 825 3066 ou
837 3032 861 3064 v.
877 3029 914 3079 19.

163 3098 277 3148 verianus
300 3099 414 3160 (Cramer
432 3099 464 3148 vi.
491 3098 560 3164 197):
589 3101 618 3149 τὸ
643 3101 739 3164 ἔγειρε
825 3109 863 3145 ιο.
897 3095 1036 3160 instituentes
1038 3132 1097 3145 ......
1101 3094 1187 3158 interp]
1215 3091 1304 3156 ἄσοφοι
1307 3132 1367 3146 ......

163 3180 470 3239 ὁκαθεύδωνκαὶτὰέξῆι
478 3179 741 3240 οὐδαμοΰτῆιπαλαιᾶς
789 3177 898 3241 ἅφρονει.
929 3179 985 3227 The
997 3177 1072 3227 latin
1084 3177 1193 3226 versione
1204 3177 1269 3242 keep
1280 3193 1315 3242 up
1326 3178 1369 3228 the

163 3259 240 3322 ἣτῆι
261 3262 341 3320 «wire
364 3261 500 3323 εὑρίσκομεν
521 3261 699 3324 γεγραμμένον·
716 3260 740 3307 rl
790 3260 942 3318 distinction,
970 3261 1007 3324 by'
1035 3259 1167 3322 rendering
1198 3259 1366 3322 insipientes...

163 3339 205 3392 οὖν
224 3345 301 3401 ierim
319 3345 428 3404 χάρισμα
439 3342 468 3402 ῆν
478 3344 534 3391 τότε
549 3344 590 3391 rol
606 3342 741 3404 προσευχῆς
790 3340 959 3404 imprudentes.
994 3340 1044 3389 Sed
1062 3346 1092 3387 ut
1106 3339 1225 3402 sapr'entes
1243 3338 1288 3388 has
1305 3339 1368 3390 been

164 3425 203 3472 ml
222 3425 330 3484 ψαλμῶν,
351 3423 533 3486 ὑποβάλλονται
548 3423 591 3470 τοῦ
607 3423 741 3480 πνεύματος
789 3423 893 3472 omitted
901 3429 949 3486 per
958 3422 1162 3471 homoeoteleuton.
1253 3434 1256 3444 ·

163 3505 188 3566 [ι
208 3502 269 3553 Cor.
293 3504 341 3555 xiv.
369 3503 517 3566 ι5]...οῆλον
539 3500 579 3552 οὖν
600 3503 637 3552 ὅτι
658 3504 685 3551 ἐν
706 3502 740 3550 lrl
824 3520 874 3566 14..
895 3503 956 3553 emit
975 3504 1012 3552 ad
1035 3519 1108 3552 suam
1136 3503 1277 3565 υΙιῚιἹαίενι]
1319 3505 1367 3554 See

163 3588 254 3634 τούτων
281 3586 329 3633 τῶν
357 3586 522 3644 πνευματικῶν
554 3584 658 3646 ψαλμῶν
686 3583 740 3642 ἦτοι
789 3582 871 3631 below
882 3597 915 3630 on
931 3582 987 3631 Col.
1006 3583 1038 3630 iv.
1060 3595 1083 3644 5,
1102 3581 1183 3632 where
1201 3582 1243 3632 the
1260 3583 1325 3632 soroe
1341 3583 1372 3632 oi

163 3661 304 3729 προσευχῶν
325 3669 402 3716 ἔκειτο
422 3669 494 3716 τοῦτο
515 3663 530 3715 d
556 3665 735 3725 δρυημόυευσεν.
788 3667 832 3716 the
843 3665 938 3714 middle
949 3665 1134 3725 ἐξαγοράζεσθαι
1146 3663 1167 3714 is
1177 3665 1250 3728 again
1259 3664 1367 3730 brought

162 3748 218 3801 'l'he
233 3747 290 3798 idea
305 3764 384 3798 seems
400 3757 427 3798 to
444 3749 508 3798 have
525 3748 590 3796 been
606 3747 739 3810 suggested
788 3756 831 3798 out
856 3747 882 3796 in
904 3746 946 3795 the
971 3761 1077 3805 comm.;
1100 3745 1151 3794 and
1175 3746 1206 3794 ci.
1230 3745 1307 3795 Thdt.
1334 3763 1367 3796 οιι
1436 3799 1439 3806 ,

161 3829 195 3892 by
223 3830 318 3895 Origen
345 3829 467 3892 (Cramer,
490 3829 507 3878 l.
531 3827 579 3890 c.):
608 3829 687 3888 ἔτερος
713 3829 741 3876 δὲ
789 3827 831 3876 the
848 3827 921 3875 latter
940 3841 1052 3889 passage.
1087 3825 1236 3874 Severianus
1253 3827 1367 3885 (Cramer

162 3913 257 3975 [φήσει]
269 3909 340 3963 αὐτὸν
350 3907 392 3961 τὸν
402 3912 539 3961 ἀπόστολον
547 3910 740 3972 προσωποποιεΐν
787 3909 819 3958 vi.
844 3909 913 3972 199):
934 3908 947 3956 d
966 3907 1164 3969 ἐξαγοραζόμενοι
1180 3909 1222 3956 τὸν
1239 3909 1368 3968 ἀλλότριον

161 3997 216 4044 τινὰ
225 3997 254 4044 ἐκ
264 3997 308 4043 τοῦ
318 3997 451 4054 πνεύματος
460 3991 581 4055 λεγόμενα
593 3992 626 4042 eir
639 4007 738 4054 προτρο·
788 3991 1013 4040 οοῦλον...κτΐιεαι
1030 3990 1123 4036 αὐτόν·
1139 3989 1191 4037 ἐπεὶ
1208 3984 1249 4036 οὖν
1264 3989 1367 4051 ὀκαιρδι

160 4077 268 4137 τὴντὴν
278 4077 318 4124 ἐπὶ
329 4076 463 4133 μετάνοιαν.
499 4073 538 4124 Cf.
551 4073 651 4137 Jerome
664 4074 700 4122 ad
711 4073 738 4122 h.
787 4070 901 4132 ὀπαρών
921 4071 1026 4119 δουλεύει
1043 4069 1093 4119 τοῖς
1112 4070 1230 4130 πονηροῖς,
1250 4071 1366 4132 dispond-

160 4155 177 4206 1.
204 4157 281 4206 Thdt.
295 4156 365 4221 gives
376 4155 418 4206 the
429 4155 561 4204 substance
572 4153 602 4203 oi
610 4153 689 4205 Seu-’s
700 4169 737 4203 re·
787 4154 865 4202 εασθε
896 4153 975 4208 αὐτόν,
1005 4151 1078 4199 ὥστε
1114 4153 1366 4212 καταχρήσασθαι

160 4239 252 4299 marks,
266 4237 395 4303 including
409 4237 452 4287 the
466 4237 590 4287 reference
601 4245 628 4287 to
642 4251 652 4286 1
665 4237 736 4294 Con,
787 4232 865 4294 αὐτῷ
891 4231 949 4295 πρὸς
977 4234 1110 4295 εὐσέβειαν.
1145 4233 1220 4284 Oecz
1250 4233 1263 4282 d
1287 4235 1366 4296 καιρὸς

160 4319 220 4369 with
242 4320 285 4368 the
307 4319 432 4384 prefatory
449 4319 540 4376 words,
559 4319 621 4368 wls
643 4318 669 4366 δὲ
691 4315 740 4366 τᾶν
786 4309 1366 4376 οὐκέστινἡμΐνβέβαιοι...ἀγόραοονοιἰνοῠτὸν

159 4402 306 4464 δρμηνευτοῖν
316 4404 419 4466 ἔφασαν.
786 4397 826 4446 καὶ
839 4396 964 4454 ποίησον
975 4395 1057 4443 litor.

193 4497 216 4546 3·
250 4489 279 4533 ut
293 4489 316 4532 et
326 4480 567 4550 psalmos-sarmul]
591 4481 638 4533 See
655 4479 737 4532 below
821 4491 861 4529 no.
894 4477 922 4526 in
938 4493 985 4542 quo
1002 4483 1037 4526 est
1053 4477 1133 4525 omnis
1148 4475 1264 4538 lunaria]
1298 4478 1323 4525 tv
1346 4472 1365 4536 ᾧ
