3332 5210
187 387 212 453 I·
230 385 272 472 3·]
581 405 622 456 m
647 406 699 460 un.
722 406 773 458 nn
796 403 983 458 snnssros
1331 403 1387 450 121

185 567 291 651 †nam
303 571 409 638 Pater
423 575 605 640 secundum
622 596 658 641 se
674 575 708 642 in
725 576 859 643 Christo
875 574 1044 658 accipitur.
1089 571 1116 636 si
1127 569 1202 655 quis
1218 589 1298 634 uero
1309 569 1392 634 illud

185 684 382 740 connectere
404 674 502 741 luerit
524 679 668 757 adnisus,
686 679 734 744 ita
748 688 785 743 ut
801 689 836 744 et
851 678 943 743 Deus
959 688 994 743 et
1008 677 1110 742 Pater·
1121 695 1201 759 erga
1215 696 1392 758 personam

186 774 333 860 intellegi
358 778 480 842 debeat
504 777 636 856 Christi,
664 801 773 863 neque
796 781 830 844 in
854 779 917 844 hoc
943 774 1142 863 litigamus*
1187 776 1334 860 alioquin
1359 785 1395 840 et

187 873 280 939 Deus
295 888 392 960 pater
405 880 574 964 adsumpti
593 881 766 965 aptissime
788 883 960 960 diceretur,
984 892 1101 966 utpote
1123 889 1158 946 et
1179 879 1316 945 homine
1336 877 1394 940 illo

186 979 353 1044 existente
379 1001 438 1064 per
464 991 626 1048 naturam.
679 985 839 1067 quoniam
865 993 977 1048 autern
1002 984 1046 1048 de
1069 983 1134 1047 hoc
1156 981 1306 1065 disputat
1336 1000 1394 1063 per
1429 996 1445 1065 5

187 1097 304 1143 omnes
330 1101 501 1146 sermones
526 1084 736 1167 dogmaticos
759 1084 834 1149 illos
860 1086 916 1168 qui
942 1087 975 1150 in
999 1085 1065 1150 hac
1089 1094 1167 1149 sunt
1187 1082 1336 1168 epistola,
1359 1083 1393 1146 id

186 1182 310 1261 poterit
324 1183 496 1248 euidenter
510 1185 652 1254 ostendi.
689 1187 812 1252 deinde
827 1187 909 1251 dicit
923 1196 957 1251 et
972 1207 1034 1270 pro
1049 1186 1172 1269 quibus
1185 1186 1231 1250 sit
1238 1185 1394 1250 benedic·

186 1291 255 1348 tus:

167 1519 171 1524 .
190 1534 236 1603 Ch
250 1434 310 1516 qui
322 1436 482 1502 benedicit
494 1461 551 1503 nos
566 1439 601 1504 in
616 1441 707 1506 omni
720 1441 928 1508 benedictione
940 1441 1091 1526 miritali
1100 1442 1136 1508 in
1157 1442 1340 1508 caelestibus
1357 1441 1393 1506 in

237 1537 326 1604 ricto.
1409 1559 1451 1608 10

252 1667 365 1722 nostra
385 1659 575 1725 benedictio
594 1682 680 1745 quae
699 1660 738 1728 fit
756 1663 792 1728 in
816 1665 899 1742 Deo,
920 1663 1085 1730 confessio
1105 1661 1176 1730 sola
1193 1674 1246 1729 est
1262 1663 1393 1729 illorum
1461 1683 1462 1688 ¹

185 1759 350 1826 bonorum
377 1784 464 1847 quae
483 1765 580 1829 nobis
598 1767 757 1848 praestita
777 1778 855 1833 sunt
875 1769 918 1833 ab
936 1789 986 1834 eo.
1030 1788 1109 1833 narn
1132 1767 1190 1832 illa
1205 1767 1395 1832 benedictio

185 1881 273 1944 quae
296 1884 316 1927 a
341 1864 416 1929 Deo
439 1865 486 1944 fit,
506 1867 540 1930 in
567 1869 664 1932 nobis
689 1889 789 1952 opere
817 1869 981 1953 impletur,
1007 1887 1068 1953 pro
1091 1870 1212 1953 quibus
1238 1890 1299 1933 nos
1325 1869 1394 1932 suis

186 1962 356 2057 beneficiis
382 1966 569 2032 sublimans
593 1969 803 2036 demirationi
827 1971 966 2036 exhibet
988 1972 1116 2054 dignos
1169 1971 1290 2054 dignus
1314 1990 1394 2053 ergo

139 2078 148 2096 ·
187 2075 238 2129 est
258 2077 296 2132 ut
316 2078 350 2133 et
370 2069 551 2136 demiretur
569 2093 589 2136 a
612 2075 721 2152 nobis,
734 2085 768 2140 et
784 2086 821 2140 ut
835 2076 1016 2160 gratiarum
1032 2075 1079 2139 illi
1095 2075 1275 2140 referamus
1291 2077 1393 2140 actio·
1412 2091 1447 2159 15

187 2187 262 2246 nes;
284 2171 443 2250 quoniam
459 2172 506 2236 sic
522 2194 583 2238 nos
597 2175 768 2258 gloriosos,
784 2179 888 2242 suain
899 2199 960 2242 nos
971 2176 1144 2242 conferens
1154 2178 1252 2256 bona,
1265 2178 1397 2242 efficere

186 2279 239 2334 est
269 2271 434 2355 dignatus,
468 2293 571 2340 omne
600 2277 696 2342 nobis
727 2279 854 2343 bonum
880 2279 1028 2363 spiritale
1054 2279 1184 2343 donans
1215 2299 1276 2362 per
1301 2277 1393 2343 illam

186 2375 469 2459 dispensationem
496 2400 598 2461 quam
620 2402 682 2464 per
700 2382 870 2447 Christum
888 2383 1018 2447 misisse
1042 2383 1181 2447 uidetur.
1222 2381 1286 2446 hoc
1304 2381 1394 2447 enim

186 2477 268 2543 dicit
284 2478 319 2543 in
334 2477 469 2548 Christo.
503 2501 582 2546 nam
598 2482 689 2567 quod
705 2483 811 2549 dixitr
828 2485 864 2550 in
874 2485 1078 2561 caelestibus·
1094 2485 1158 2549 hoc
1170 2493 1229 2562 est,
1240 2488 1247 2516 ‘
1257 2504 1343 2568 quae
1359 2483 1393 2547 in

251 2692 282 2759 εἰ
295 2692 331 2760 δέ
344 2720 392 2766 τις
406 2693 488 2762 αὐτὸ
503 2696 760 2780 ἐπισυμπλέκοιν
774 2697 974 2786 φιλονεικοίῃ
987 2697 1079 2765 dodra
1098 2697 1154 2765 nol
1172 2700 1232 2764 τοῦ
1250 2697 1324 2764 tede
1339 2695 1394 2763 real
1407 2714 1451 2764 20

186 2797 244 2864 τοῦ
271 2801 371 2886 narrip
394 2797 451 2865 ἐπὶ
471 2801 534 2865 τοῦ
552 2798 735 2888 προσώπου
761 2800 905 2868 νοεῖσθαι
930 2799 1121 2887 ὀφείλοντος
1150 2802 1207 2866 τοῦ
1235 2800 1416 2882 chotor'i,¹

186 2897 258 2966 οὐδὲ
271 2899 354 2988 πρὸς
367 2903 462 2968 τοῦτο
476 2901 657 2991 μαχόμεθα.

235 3079 251 3123 4
267 3059 408 3126 consumpti
418 3061 454 3110 H
462 3057 468 3126 Ι
481 3059 563 3111 dicere
577 3061 632 3113 CH
639 3057 647 3127 l
659 3060 786 3112 hominem
798 3060 869 3112 illum
881 3061 1028 3112 existentem
1042 3059 1097 3110 CH
1203 3072 1232 3122 ¹3
1249 3073 1325 3124 opere
1335 3059 1398 3109 oml

189 3153 219 3201 14
235 3140 313 3190 exibit
323 3140 449 3206 dignosC
490 3141 574 3192 exibet
585 3141 610 3193 d.
625 3142 658 3192 H
696 3141 799 3194 exbibet
810 3143 901 3208 dignus
915 3141 1021 3208 epm)
1157 3138 1187 3191 16
1203 3155 1250 3190 nos
1262 3135 1393 3206 (besglor.)

186 3235 226 3268 om
238 3220 271 3270 H
349 3223 439 3290 19qni
451 3223 591 3289 (surquae)
604 3223 655 3273 CH
686 3224 786 3289 quaml

219 3367 244 3410 4.
295 3357 370 3414 poter
405 3351 541 3417 adsumpta]
593 3353 641 3404 See
675 3352 763 3414 above,
816 3351 885 3404 nos”
901 3353 954 3403 into
972 3347 1272 3416 “exbibehu...dignus”
1284 3349 1395 3416 adopted

187 3445 213 3496 p.
232 3429 272 3491 62,
291 3433 309 3481 l.
329 3447 369 3492 nr,
390 3441 456 3485 note.
493 3433 549 3484 'l'he
566 3434 671 3499 reading
689 3435 768 3484 dicere
816 3436 852 3501 by
863 3437 939 3486 Cani.
952 3435 1021 3485 Pitra
1037 3432 1119 3483 inhis
1136 3439 1188 3484 text
1205 3433 1260 3496 [but
1277 3430 1307 3482 cl
1327 3431 1392 3496 Spr'c.

188 3513 231 3574 (cf.
255 3530 294 3566 vv.
319 3513 357 3579 ll.)
380 3529 460 3567 seems
481 3523 509 3566 to
536 3516 600 3567 bave
627 3516 767 3582 origimted
817 3515 943 3566 Solerm.i.
958 3513 1025 3579 5681,
1040 3529 1120 3565 seems
1136 3519 1163 3563 to
1180 3527 1221 3562 me
1232 3525 1396 3576 unnecessary

187 3595 214 3644 in
236 3611 252 3645 a
274 3597 404 3647 confusion
428 3597 457 3648 ol
482 3598 525 3648 the
547 3599 595 3649 last
616 3599 721 3663 syllable
740 3597 769 3648 oi
818 3598 868 3646 and
886 3611 948 3646 even
967 3596 1087 3660 injurious
1106 3603 1133 3644 to
1151 3593 1194 3644 the
1214 3609 1294 3652 sense,
1313 3591 1396 3643 which

187 3678 231 3727 the
248 3679 408 3730 abbreviated
427 3679 599 3731 dt'ceret'with
616 3681 658 3731 the
670 3681 764 3732 follow·
815 3679 852 3728 is:
874 3675 980 3728 “God's
1001 3676 1060 3741 gille
1079 3675 1105 3725 in
1128 3689 1157 3724 us
1178 3689 1220 3724 are
1242 3672 1395 3736 wonderfu13

187 3759 232 3824 ing
242 3766 278 3808 ut.
815 3757 891 3808 much
906 3772 983 3817 more,
1001 3756 1070 3814 then,
1084 3762 1149 3805 must
1168 3753 1233 3804 their
1250 3753 1350 3804 Autbor
1362 3753 1396 3804 be

220 3839 245 3890 ⁶.
278 3839 308 3889 td
320 3841 413 3904 potm't
439 3841 562 3891 msiienter
582 3841 684 3906 ostende]
717 3841 766 3893 See
816 3839 914 3903 worthy
935 3838 964 3910 oi
982 3834 1156 3888 edmimtion”
1188 3836 1292 3901 Dignus
1312 3843 1347 3885 est
1367 3841 1397 3885 ut

187 3921 401 3987 below.pp.12⁶‚
418 3924 600 3987 130‚135‚&c.
816 3919 1129 3980 &minturnensium
1142 3918 1315 3977 salmoim
1343 3915 1396 3967 For

225 4015 262 4050 ιι.
294 4002 422 4052 bmdztn'o
442 4019 505 4068 quae
523 4005 560 4069 fit
579 4019 596 4053 a
618 4005 679 4064 Deo,
709 4003 766 4067 hc]
816 4003 939 4054 demirari
947 4017 1011 4067 poss
1026 4015 1104 4065 seep·
1117 4000 1186 4067 59‚l.
1202 4013 1241 4059 οι.
1255 4005 1322 4048 ¹1⁰&-

189 4082 263 4134 Cited
276 4084 310 4149 by
325 4084 456 4145 Lcnhanc,
470 4086 515 4135 but
529 4085 622 4150 sreely;
638 4085 677 4135 for
695 4088 767 4151 “pro
852 4101 890 4151 19·
924 4087 968 4136 tac
982 4092 1023 4145 est,
1043 4100 1111 4149 quae,
1131 4083 1279 4146 &saaph
1295 4079 1396 4144 auat]

188 4164 279 4229 quibus
293 4163 356 4214 &c.'’
373 4164 405 4214 he
421 4165 490 4230 gives
507 4164 599 4230 simply
616 4165 698 4214 “dum
714 4163 767 4215 eius
817 4169 941 4220 Lnniranc
967 4168 1123 4218 abbreviates
1149 4165 1220 4216 thus:
1252 4164 1325 4214 “hoc
1346 4170 1391 4224 est,

188 4244 485 4311 beneficiisimplemur.”
820 4249 911 4314 ‘qnam
933 4247 960 4296 in
981 4247 1051 4297 caelo
1075 4241 1307 4311 participabimus'3
1334 4242 1395 4293 dicit

224 4341 261 4388 14.
302 4329 462 4378 demirm'om'
490 4327 589 4394 dignos]
645 4328 696 4378 For
724 4327 767 4378 the
816 4327 883 4378 enim
901 4325 1104 4377 resurrectionem
1123 4339 1188 4390 quae
1207 4338 1253 4388 per
1274 4321 1395 4388 Spiritum

187 4416 290 4469 constr..
322 4409 355 4460 ct'.
390 4425 404 4459 a
434 4409 514 4460 Mace.
545 4409 579 4460 vi.
616 4425 654 4472 14,
689 4409 766 4474 Vulg.
816 4409 890 4458 nobis
902 4409 988 4459 ederit
1024 4415 1049 4458 et
1063 4423 1096 4458 ne
1106 4407 1162 4473 ipsa
1175 4405 1274 4457 novitas
1284 4412 1394 4455 mentem

189 4490 320 4558 (Rb'nsch).
349 4491 405 4543 The
414 4491 509 4558 change
515 4491 545 4542 oi
555 4491 765 4560 “exhibet...dig·
817 4493 927 4543 turbaret
944 4491 1061 4557 quoniam
1076 4505 1126 4540 non
1144 4497 1203 4540 ente
1219 4495 1289 4539 tanta
1305 4488 1393 4538 dones
