3340 5232
172 361 369 448 lI.10‚11.]
533 377 575 428 ru
600 377 651 428 ur.
674 377 725 428 ro
750 377 1022 429 rurcrerunsus.
1317 379 1380 444 223

173 548 284 612 Deum
300 549 520 615 confiteantur
534 551 644 615 Iesum
658 550 826 616 Christum
843 552 876 614 in
892 550 998 634 gloria
1014 550 1079 614 Dei
1095 550 1199 633 patris
1209 548 1381 627 effectum;

172 652 236 717 hoc
259 663 318 730 est,
341 653 444 718 talem
471 655 616 738 potitum
640 653 789 736 gloriam,
814 653 947 737 qualem
971 653 1020 717 fas
1043 661 1093 717 est
1118 652 1210 716 illum
1237 653 1293 737 qui
1318 653 1380 717 sibi

122 739 135 762 ⁰
172 768 300 842 patrem
317 759 474 824 adscribit
491 759 601 822 Deum
617 758 724 839 potiri,
741 766 878 840 propter
898 756 990 820 illam
1013 754 1262 840 copulationem
1278 776 1380 838 quam

170 859 273 924 habet
297 862 340 925 ad
369 861 598 943 Unigenitum.
645 862 803 943 quoniam
828 869 941 922 autem
966 858 1049 922 haec
1079 867 1156 941 post
1186 858 1377 940 passionem

171 962 338 1045 adquisita
362 975 440 1026 sunt
466 962 513 1026 illi
537 963 594 1045 qui
612 963 809 1045 adsumptus
834 969 893 1039 est,
924 982 1024 1025 nemo
1047 963 1105 1044 qui
1127 962 1274 1038 nesciat;
1304 961 1380 1024 Deo
1417 969 1433 1036 5

171 1075 285 1129 autem
308 1067 421 1130 Verbo
444 1067 583 1130 aderant
604 1087 624 1128 a
645 1066 816 1148 principio,
835 1074 952 1146 utpote
973 1067 1123 1128 omnium
1144 1064 1269 1140 factori,
1286 1066 1376 1147 quod

173 1167 338 1231 neminem
363 1168 503 1231 aestimo
527 1167 759 1244 contradicere,
788 1168 850 1230 nisi
874 1167 959 1230 forte
984 1168 1083 1232 ualde
1104 1168 1202 1231 cedat
1220 1168 1377 1230 insaniae.

168 1273 349 1335 caelestium
365 1273 500 1354 quidem
517 1272 598 1335 dicit
613 1269 845 1335 ‘inuisibilium
862 1271 1024 1334 uirtutum
1035 1271 1055 1350 ς’
1081 1270 1284 1334 terrestrium
1300 1291 1380 1333 uero

172 1374 336 1436 ‘uiuorum
352 1371 524 1436 hominum
534 1373 553 1451 ;’
574 1372 780 1454 infernorum
795 1373 897 1436 etiam
914 1372 1057 1437 ‘illorum
1074 1373 1130 1456 qui
1147 1373 1268 1435 mortui
1284 1371 1380 1447 sunt,'
1511 1453 1513 1458 ι

171 1475 227 1558 qui
243 1484 277 1539 et
293 1475 355 1557 ipsi
371 1496 430 1558 per
450 1477 721 1539 resurrectionem
744 1477 929 1540 Dominum
949 1476 1199 1542 confitebuntur
1218 1497 1379 1540 resurrec·
1397 1492 1437 1540 10

171 1578 271 1641 tionis
290 1599 370 1642 suae
390 1586 569 1643 auctorem.

237 1679 319 1744 illud
335 1682 420 1744 inter
434 1691 543 1745 cetera
558 1691 609 1745 est
625 1681 872 1764 explicandum,
883 1686 973 1768 quod
986 1685 1122 1768 quidam
1138 1685 1379 1751 haereticorum

172 1781 385 1847 interuertcre
414 1783 562 1848 uolentes
586 1784 813 1849 testimonium
837 1785 918 1850 illud
942 1789 1033 1870 quod
1059 1788 1186 1853 dictum
1217 1797 1288 1854 est:
1318 1811 1380 1853 non

171 1887 324 1969 rapinam
346 1887 529 1950 arbitratus
553 1897 607 1963 est,
629 1909 694 1950 esse
717 1909 750 1951 se
775 1891 937 1970 aequalem
959 1891 1036 1968 Deo,
1063 1892 1109 1955 sic
1132 1890 1380 1970 intellexerunt,

171 1989 331 2070 quoniam
357 1989 581 2054 ‘existimauit
608 1989 743 2073 (inquit)
772 1990 922 2056 Christus
949 1993 1124 2056 conuenire
1150 1993 1222 2070 sibi,
1249 2005 1286 2058 ut
1312 2014 1379 2058 non
1398 2009 1433 2076 ις

171 2102 302 2175 raperet
316 2091 406 2156 illam
419 2093 663 2176 aequalitatem,
674 2115 775 2177 quam
788 2095 881 2158 Deus
892 2095 1015 2160 habere
1027 2096 1222 2161 uidebatur!
1253 2097 1379 2161 dictum

291 2249 305 2300 7
322 2237 370 2286 nisi
382 2237 403 2286 si
415 2237 449 2287 H
457 2235 461 2301 Ι
477 2238 534 2287 forti
548 2237 613 2287 CH
619 2253 635 2287 r
734 2249 762 2300 15
780 2238 931 2289 existimabit
945 2237 980 2289 θ’
992 2239 1045 2289 Ην
1057 2237 1062 2304 1
1077 2239 1137 2289 Chr.
1152 2239 1233 2304 inquit
1243 2239 1278 2289 H

171 2357 188 2408 l.
208 2373 244 2422 13,
264 2364 332 2407 note.
367 2358 428 2408 Add
446 2360 540 2424 Migne
561 2361 625 2433 989:
646 2360 754 2420 τοσαύτη
801 2359 873 2422 Oce,
891 2363 1056 2413 understands
1077 2361 1112 2426 (r)
1131 2361 1225 2427 augels,
1245 2378 1310 2422 men,
1330 2362 1380 2411 and

171 2440 273 2501 γέγονεν
294 2439 348 2501 περὶ
365 2441 408 2488 τὸν
424 2437 551 2502 ἄνθρωπον
567 2439 583 2498 ἡ
602 2440 660 2499 τιμὴ
679 2455 753 2487 κειτα-
801 2442 897 2504 devils;
925 2461 955 2494 or
977 2446 1013 2507 (α)
1037 2445 1079 2495 the
1106 2445 1233 2510 righteous
1260 2445 1310 2494 and
1337 2443 1380 2496 the

172 2521 287 2580 ειωθθντα
298 2521 362 2570 θείας
377 2521 523 2580 ἐνοικήσεως,
538 2521 620 2568 τοῦτο
633 2521 754 2580 καθῆσθαι
800 2524 906 2575 wicked.

172 2603 199 2650 θκ
222 2603 303 2660 θεξιῶν
323 2603 367 2651 τοῦ
389 2603 481 2663 πατρὸς
503 2603 543 2650 καθ
568 2603 754 2664 προσκυνεῖσθαι
837 2621 873 2656 ια.
915 2608 1016 2672 qm'dam
1043 2607 1228 2668 haereticorum]
1275 2606 1381 2672 Jacobi=

172 2682 240 2743 rapt
263 2682 343 2740 πάσης
364 2683 407 2741 τῆς
432 2683 540 2731 κτίσεως·
585 2681 617 2730 111
639 2697 654 2730 a
677 2681 753 2731 Latin
803 2686 1095 2752 “Ananosintellegtt.”
1124 2688 1295 2752 chrysmale.
1307 2688 1325 2737 1.
1344 2704 1380 2738 re«

172 2761 295 2826 fragment
307 2763 360 2826 (pp.
375 2761 492 2826 ρος-ι),
507 2761 554 2810 Th.
569 2776 698 2825 compares
710 2762 752 2811 the
800 2776 913 2830 presente
936 2768 978 2817 the
998 2768 1089 2816 Ariaus
1111 2784 1139 2816 as
1157 2768 1319 2832 expounding
1338 2767 1381 2816 the

172 2844 303 2893 adoratiou
316 2842 345 2892 os
358 2843 400 2893 the
412 2844 475 2892 Man
486 2843 512 2892 ih
524 2843 608 2892 Christ
619 2850 646 2892 to
657 2843 712 2892 that
727 2843 757 2892 of
801 2863 905 2912 passage
917 2847 990 2898 thus:
1009 2850 1061 2897 θεὸς
1072 2845 1106 2896 ὢν
1117 2848 1226 2897 ἐλάττων
1241 2849 1287 2909 οθχ
1303 2845 1380 2910 ἦρτα-

172 2926 215 2976 the
229 2922 372 2989 Emperor's
388 2925 487 2989 image3
504 2923 535 2974 ιθ.
555 2923 627 2987 infra
644 2939 678 2973 on
696 2925 752 2974 Col.
802 2945 842 2977 σιν
859 2930 888 2978 τὸ
908 2929 969 2978 εἶναι
987 2931 1029 2977 ton
1047 2927 1083 2989 τῷ
1102 2929 1152 2988 θεῷ
1166 2929 1203 2990 τῷ
1220 2930 1322 2990 μεγάλῳ
1341 2930 1380 2978 καὶ

173 3009 189 3058 i.
205 3021 241 3072 15.
387 3071 389 3074 .
800 3009 897 3074 μείζονι.
938 3010 980 3059 He
996 3009 1135 3074 replesse
1150 3008 1276 3070 Th.‚rhat
1294 3007 1329 3072 (r)
1347 3025 1381 3060 uo

206 3104 229 3138 α.
251 3087 325 3137 talem
337 3086 445 3151 potitum
459 3085 580 3151 glorium]
613 3085 653 3136 Cl.
668 3101 693 3151 p.
708 3101 751 3149 40,
800 3096 911 3138 creature
922 3089 944 3138 is
956 3089 1016 3138 wise
1031 3090 1081 3139 and
1096 3089 1163 3154 good
1180 3089 1254 3139 could
1265 3105 1294 3140 so
1305 3089 1381 3140 much

172 3170 189 3220 1.
207 3186 244 3231 rr,
258 3177 325 3219 note.
801 3170 909 3220 esthink
921 3171 951 3220 os
958 3171 1062 3235 making
1072 3171 1176 3221 himself
1183 3172 1257 3236 oqual
1266 3172 1326 3222 with
1338 3173 1381 3224 the

206 3265 228 3314 5.
253 3251 377 3317 adqur’sita
400 3257 461 3302 ςτιιιι
482 3253 529 3312 r'llr',
559 3251 617 3314 &c.]
660 3251 752 3302 Thon:
801 3253 924 3314 Creator;
957 3253 992 3314 (ι)
1016 3251 1059 3302 the
1086 3253 1165 3302 Arian
1193 3254 1381 3319 interpretation

172 3333 258 3383 ἑαυτὸν
268 3335 420 3384 ταπεινώσας
436 3336 464 3382 orl
479 3335 551 3392 μόνον
568 3337 610 3384 οὐκ
627 3335 754 3384 ἀπώλεσεν
801 3332 885 3381 would
902 3333 1005 3382 commit
1022 3332 1064 3382 the
1081 3332 1132 3398 Ap.
1150 3341 1177 3384 to
1192 3333 1236 3383 the
1252 3334 1382 3399 absurdity

172 3416 232 3478 θτερ
245 3415 310 3476 εἶχεν
327 3414 357 3464 ὡς
374 3415 433 3474 θεός,
454 3415 576 3464 ἀλλὰκαὶ
593 3415 627 3465 ὡς
644 3413 753 3476 θνθρω·
800 3415 831 3465 of
846 3416 964 3480 arguing:
985 3417 1106 3465 ‘account
1125 3416 1210 3480 equals
1227 3431 1290 3480 your
1308 3432 1381 3482 supe·

172 3514 225 3549 τος
242 3499 327 3545 τοῦτο
343 3498 544 3560 προσέλαβεν.
578 3498 753 3548 Forthecon·
801 3495 871 3555 riors,
883 3495 931 3559 sor
946 3495 1039 3552 Christ,
1056 3494 1132 3559 being
1148 3495 1249 3544 interior
1265 3502 1292 3544 to
1312 3495 1380 3553 God,

172 3579 291 3630 struction
307 3579 363 3644 adq.
381 3579 423 3627 illi
437 3578 471 3628 cf.
490 3578 599 3639 Rdnsch‚
618 3579 693 3639 Itala,
708 3595 753 3644 pp.
800 3576 929 3626 abstained
938 3576 1001 3626 from
1010 3575 1113 3638 making
1120 3573 1381 3640 Himselinsequal'

171 3659 276 3724 436-—7.
802 3660 886 3719 (eddela
901 3659 951 3720 γὰρ
960 3658 1103 3721 βουλόμενος
1120 3658 1255 3720 προτρέψαι
1271 3675 1380 3707 ταπεινο-

205 3744 227 3792 8.
258 3742 393 3791 coelertr'um
406 3741 575 3802 ...auctorend
621 3742 695 3792 Cited
719 3742 752 3806 by
802 3739 904 3800 φρονεῖν,
929 3737 1001 3788 τοῦτθ
1024 3745 1110 3798 φησιν·
1137 3741 1180 3787 ἔσο
1202 3739 1314 3788 ταπεινὸς
1341 3741 1381 3788 καὶ

172 3823 297 3872 Laniranc
315 3825 366 3884 (see
386 3839 426 3872 vv.
446 3823 493 3882 lt).
531 3824 563 3872 R.
585 3823 614 3872 os
633 3825 678 3874 B.:
699 3827 752 3874 “ut
801 3821 905 3868 ἔλαττον
922 3821 1002 3882 φρόνει
1018 3821 1067 3868 τῶν
1083 3820 1210 3879 ὁμοτίμων·
1229 3821 1277 3868 καθ
1293 3820 1381 3882 γθρθ

172 3910 299 3953 terrestres
312 3905 379 3952 dicat
396 3903 468 3953 uiuos
484 3903 606 3964 homines,
620 3904 753 3954 infernales
802 3901 894 3952 διΐναο·
914 3903 997 3951 δοῦλος
1013 3903 1055 3950 οὐκ
1071 3902 1195 3960 ἐπανέστη
1212 3899 1248 3962 τῷ
1263 3901 1381 3963 θεσπθτρ·

172 3987 282 4051 appellet
308 3993 428 4047 mortuos,
453 3988 497 4051 qui
520 3993 545 4036 et
568 3988 616 4052 ipsi
637 4003 682 4051 per
704 4003 750 4036 res.
800 3986 873 4042 μιμοῦ
883 3986 961 4032 τοίνυν
972 3984 1078 4042 ἐκεῖνον).
1113 3983 1203 4046 Comp.
1217 3983 1305 4033 Thur:
1323 3985 1382 4046 πρὸς

173 4067 321 4126 Dominum,
336 4065 400 4116 &c.”
801 4065 828 4113 δὲ
844 4066 935 4113 τούτοις
946 4064 1039 4112 κάκεῖνο
1051 4063 1186 4122 συνοίδαμεν
1194 4062 1256 4126 [sor.
1268 4063 1311 4126 leg.
1327 4081 1380 4112 συν-

204 4146 260 4195 caet.
286 4147 380 4210 quzilem
409 4145 468 4194 dicit
491 4145 664 4207 ι’νιςιθςιθίθίιιινι,
694 4145 754 4207 Sic]
802 4143 898 4204 θθωμεν]
909 4145 946 4192 thr
960 4145 1181 4204 ταπεινοφροσύνην
1192 4140 1309 4192 διδάσκων
1324 4141 1339 4192 θ
1355 4146 1379 4194 θ.

172 4228 264 4278 Tude:
282 4227 474 4291 ἐπουρανίοις
493 4228 565 4275 καλεῖ
579 4228 624 4277 τὰς
640 4229 756 4289 θορθτους
803 4228 847 4276 dtr.
862 4229 966 4276 τέθεικεν
976 4229 1020 4274 τοῦ
1032 4228 1139 4289 Χριστοῦ
1149 4228 1177 4275 τὸ
1192 4225 1378 4289 παράδειγμα...

172 4311 288 4370 δυνάμεις·
309 4309 460 4371 θτιγιὶους
483 4309 516 4367 δέ,
538 4309 594 4358 τοὺς
610 4309 646 4357 ἔτι
665 4311 754 4372 ζῶντας
802 4309 824 4356 εἰ
841 4309 867 4357 δὲ
883 4309 924 4356 ote
936 4308 987 4357 ῑσος
998 4303 1038 4366 ἦν,
1051 4306 1104 4356 ἀλλ’
1116 4305 1226 4356 ἐλάττων
1237 4310 1279 4357 τοῦ
1290 4311 1381 4372 πατρὸς

172 4393 319 4454 ἀνθρώπους·
339 4393 380 4440 καὶ
402 4389 616 4450 καταχθονίους
636 4391 691 4440 τοθς
715 4407 754 4438 το·
802 4385 888 4447 iulis,
908 4389 935 4436 orl
952 4389 1146 4450 τατεινοφρονῶν
1158 4387 1299 4449 ὑπήκουσεν,
1314 4390 1380 4440 ἀλλὰ

172 4476 283 4525 treuvas.
326 4472 426 4535 Chrys..
449 4471 567 4520 followed
590 4471 623 4534 by
646 4470 751 4536 Thpht„
802 4467 1025 4531 τθξινέτλήροισεν.
