3342 5224
305 387 329 448 4
641 377 869 430 THEODORUS
892 377 1185 432 MOPSUESTENUS
1428 363 1467 445 [I.
1485 377 1512 424 2.

372 571 440 617 non
459 551 549 616 dixit
563 550 747 616 secundum
767 557 863 614 suam
883 549 1182 614 consuetudinem:
1205 547 1335 613 Paulus
1352 549 1514 632 apostolus

308 653 441 735 carati,
466 664 527 721 aut
550 653 618 719 Dei
623 665 644 730 ,·'
665 654 725 719 sed
752 651 936 717 interiecit:
964 673 1028 717 nan
1051 652 1093 716 ab
1116 652 1311 729 hominibus,
1337 673 1436 734 neque
1451 664 1515 735 per

304 761 475 838 hominem,
490 758 555 822 hoc
569 765 630 836 est,
646 757 748 821 ‘sicut
763 755 943 820 aduersarii
958 755 1093 820 dicunt’
1137 756 1227 820 unde
1240 755 1325 820 illud
1341 765 1375 820 et
1390 755 1512 832 diuisit,

307 864 440 930 dicens:
476 884 541 927 nan
577 861 619 926 ab
654 859 848 937 haminibus,
880 880 977 942 nequa
1001 871 1064 942 per
1093 858 1281 936 hamam,-
1327 859 1362 924 id
1395 859 1511 942 'ipsum

275 967 444 1053 Squidem
473 964 596 1041 dicens,
626 963 787 1047 quoniam
817 981 885 1025 non
914 959 1067 1030 homines
1096 960 1305 1043 apostolatus
1334 961 1383 1026 illi
1412 982 1513 1026 causa

305 1068 474 1133 extiterat.
519 1065 640 1130 diuidit
669 1073 782 1128 autem
820 1061 913 1140 illud,
942 1071 980 1126 ut
1008 1063 1181 1127 ostendat.
1196 1063 1269 1147 ipsa
1298 1063 1513 1129 multitudine

306 1169 504 1234 narrationis
533 1167 626 1231 nullo
656 1165 759 1230 modo
788 1165 864 1230 illos
893 1185 1009 1228 uerum
1039 1165 1173 1230 dixisse.
1218 1167 1362 1252 denique
1391 1165 1513 1231 adicit:

304 1273 364 1337 sed
374 1270 564 1355 per'Iesum
591 1267 760 1336 Chn'stum
781 1277 813 1332 et
832 1267 941 1332 Deum
963 1266 1109 1345 Parme,
1132 1269 1361 1333 incommune
1383 1289 1512 1353 ponens

306 1376 389 1440 illud
405 1375 496 1460 quod
512 1375 600 1439 dixit
607 1385 677 1456 per,
690 1374 723 1437 id
740 1383 799 1450 est,
809 1382 844 1437 et
859 1373 894 1436 in
911 1371 1037 1437 ‘Patre'
1054 1382 1088 1437 et
1103 1373 1137 1436 in
1153 1374 1244 1436 ‘Iesu
1263 1373 1414 1438 Christo’
1444 1392 1512 1437 non

254 1495 294 1543 10
306 1481 394 1544 enim
409 1481 497 1545 dixit
511 1489 543 1543 et
555 1499 577 1542 a
590 1477 659 1541 Dea
669 1476 776 1540 Patre
782 1499 797 1552 ,·
819 1476 879 1540 sed
894 1475 1106 1558 simpliciter:
1121 1485 1154 1539 et
1170 1475 1278 1540 Deum
1293 1475 1438 1554 Patrem,
1451 1486 1515 1559 per

304 1581 413 1646 Iesum
431 1579 600 1648 Cartalam
622 1579 747 1663 pariter
765 1578 848 1642 illud
868 1577 1103 1661 complectens.
1147 1581 1275 1661 optime
1297 1588 1410 1643 autem
1433 1598 1512 1658 usus

305 1697 356 1752 est
368 1696 402 1751 et
413 1687 635 1752 delectionem
648 1705 715 1768 qua
725 1681 828 1748 adicit
840 1683 967 1748 dicens:
982 1683 1041 1765 qui
1049 1683 1305 1747 suscitauiteum
1316 1704 1356 1746 ex
1365 1682 1511 1747 mortuis.

306 1791 490 1855 nouitatem
515 1789 604 1852 enim
627 1787 804 1870 designare
828 1787 920 1869 cupit
943 1786 1074 1854 futurae
1104 1787 1202 1864 uitae,
1229 1787 1321 1850 cuius
1347 1787 1512 1871 primitiae

259 1931 260 1936 κ
306 1892 473 1958 dominica
508 1891 625 1956 extitit
661 1889 879 1968 resurrectio;
917 1889 950 1952 in
989 1910 1057 1973 qua
1085 1888 1196 1954 iocum
1226 1882 1373 1954 nullum
1389 1883 1512 1955 habere

254 2012 290 2081 ις
306 2004 418 2080 potest
438 1995 522 2078 legis
536 1993 758 2059 obseruantia
802 2011 864 2056 nec
888 1991 978 2056 enirn
1003 1992 1208 2057 circumcisio
1231 2013 1293 2058 nec
1315 1994 1511 2058 sacrificium

307 2120 368 2165 nec
396 2108 585 2182 temporum
615 2095 767 2160 custodia
797 2095 907 2160 locum
945 2095 1052 2159 ullum
1089 2094 1212 2160 habere
1249 2098 1395 2179 poterint
1432 2105 1512 2160 tunc

306 2203 443 2289 quando
480 2198 692 2266 inmortalem
725 2197 817 2262 illam
848 2199 954 2262 uitam
983 2200 1230 2281 perceperimus
1259 2219 1319 2283 per
1352 2219 1511 2263 resurrec-

306 2310 444 2374 tionem.

370 2409 494 2476 deinde
519 2408 599 2490 quia
622 2414 657 2470 et
680 2405 896 2470 multitudine
925 2402 1085 2469 uolebant
1113 2402 1337 2478 differentiam
1364 2403 1435 2467 eius
1458 2423 1511 2466 os-

205 2543 210 2551 ·
251 2533 298 2604 20.
306 2514 452 2588 tendere,
468 2533 513 2576 cx
536 2509 788 2593 comparatione
808 2508 936 2573 scilicet
957 2515 1149 2571 ceterorum.
1160 2506 1397 2590 apostolorum,
1416 2507 1512 2589 quasi

305 2617 384 2701 quia
409 2624 444 2681 et
473 2633 558 2679 unus
584 2613 675 2677 idem
701 2622 736 2677 et
761 2601 933 2690 solus‘sit,
959 2629 1028 2675 non
1054 2609 1175 2674 debere
1201 2608 1317 2674 ceteris
1343 2608 1432 2674 hunc
1458 2609 1511 2673 uel

304 2717 538 2802 praehonorari
553 2714 607 2781 vel
622 2715 812 2797 exaequari,
829 2713 897 2780 ait:

369 2906 400 2961 ct
413 2895 471 2978 qai
484 2914 603 2959 mecum
617 2902 697 2958 sunt
708 2913 816 2957 omnes
821 2892 962 2976 fratres,
977 2892 1112 2958 ecclesiis
1128 2892 1286 2960 Galatiae.

354 3142 369 3192 3
386 3137 413 3179 et
423 3127 484 3177 illud
495 3128 526 3177 H
587 3141 601 3190 5
618 3125 727 3176 hominis
740 3126 763 3176 C
776 3127 811 3177 H
876 3139 890 3190 7
908 3126 1014 3178 dicere!
1077 3128 1093 3177 8
1109 3142 1207 3192 ponens
1217 3126 1357 3193 ponensH
1412 3141 1429 3192 9
1445 3126 1512 3176 idem

305 3209 362 3274 (sar
371 3209 398 3258 id
409 3205 455 3273 est)
470 3208 535 3257 CH
596 3222 626 3257 ro
643 3207 765 3258 Patrem
780 3207 803 3257 C
869 3222 898 3256 ιο
915 3207 1075 3258 dilectionem
1089 3208 1154 3258 CH
1222 3222 1249 3270 ¹5
1267 3207 1439 3258 obseruantiue
1453 3206 1517 3255 CH

307 3289 337 3342 16
354 3298 470 3359 poterunt
488 3297 542 3340 tum
563 3291 585 3340 C
728 3305 757 3356 19
773 3301 838 3355 quae
856 3289 913 3355 (for
929 3287 996 3355 quia)
1019 3288 1059 3355 CI
1074 3289 1258 3340 multitudinem
1274 3290 1296 3339 C
1313 3287 1466 3339 multitudini
1484 3287 1517 3335 H

306 3385 334 3424 ar
353 3388 418 3437 quae
429 3372 486 3438 (sor
495 3369 563 3436 quia)
579 3369 699 3436 Clhunc
710 3379 758 3422 cet.
770 3371 804 3420 H

337 3573 362 3626 6.
381 3573 603 3635 diuidit...dixisse]
620 3573 695 3624 Cited
703 3574 737 3639 by
746 3573 885 3625 lanstanet
964 3573 989 3624 8.
1022 3573 1051 3624 in
1062 3589 1191 3622 commune
1195 3581 1290 3638 pariens
1300 3573 1367 3622 illud
1374 3575 1440 3638 quod
1448 3575 1514 3624 dr'ar't

306 3661 325 3688 “
334 3660 359 3710 id
371 3659 452 3725 ipsum
464 3659 550 3708 dicens
564 3658 654 3708 dividit
666 3667 693 3708 ut
704 3660 819 3709 ostendat
831 3659 886 3724 ipsa
935 3654 1019 3721 ‘per’l
1053 3654 1146 3704 Thur:
1164 3653 1204 3717 ἐφ’
1221 3655 1334 3718 ἐκατέρου
1350 3659 1399 3718 γὰρ
1416 3659 1511 3722 προσώ.

304 3743 375 3793 mult.
388 3757 453 3791 narr.
467 3755 491 3791 n.
507 3756 540 3790 m.
556 3739 613 3789 illos
624 3756 710 3789 uerum
722 3741 811 3791 dicere.
817 3739 833 3763 ’'
932 3755 980 3786 που
990 3739 1019 3786 τὸ
1031 3732 1078 3785 διὰ
1090 3737 1200 3786 τέθεικεν.

336 3825 483 3874 utasteadat
494 3825 547 3888 ipsa
560 3824 631 3872 mult.
651 3821 711 3887 διο]
745 3825 834 3888 Chrys
847 3837 885 3874 re·
965 3835 987 3886 u
1021 3819 1219 3868 nonenimdr’xit
1230 3818 1288 3882 &ol
1306 3819 1512 3872 Theoxseems

303 3905 379 3971 gards
396 3905 438 3954 the
455 3904 539 3955 clause
550 3906 604 3954 οὐδὲ
618 3903 647 3954 δι’
659 3902 792 3966 ἀνθρώπων
803 3907 841 3967 (so
852 3905 885 3955 hc
931 3911 959 3952 to
969 3899 1034 3950 have
1045 3899 1121 3949 been:
1139 3895 1306 3962 οὐγθρεῑπεν·
1316 3903 1363 3951 rai
1375 3897 1432 3951 ἀπὸ
1445 3904 1512 3952 θεοῦ

304 4003 385 4038 seems
395 3994 422 4036 to
433 3985 497 4036 have
508 3987 566 4035 read
578 3986 607 4046 it)
620 4002 647 4036 ns
659 3985 792 4051 forminga
805 3987 885 4036 direct
931 3983 1051 4045 carpor·
1067 3980 1125 4032 dw
1135 3981 1227 4034 ἁπλῶς·
1243 3986 1293 4033 rai
1309 3983 1377 4034 θεοῦ
1394 3977 1511 4050 πάτρος,

304 4075 414 4118 contrast
431 4074 458 4117 to
474 4065 542 4117 tntu
558 4067 598 4117 aa
609 4065 693 4128 Ἰησοῦ
702 4067 817 4129 Χριστοῦ.
849 4066 885 4118 So
930 4065 968 4126 τῷ
981 4065 1028 4114 aa
1040 4062 1142 4132 ΙἸησοῦ
1160 4065 1293 4130 Χριστοῦ
1309 4067 1381 4118 τοῦτο
1397 4085 1512 4131 συμπεμ-

304 4149 397 4200 Thdt:
410 4149 423 4198 ὁ
436 4149 555 4210 δεσπότης
567 4151 693 4212 οὐρανόθεν
707 4149 826 4212 ἐκάλεσεν,
840 4146 884 4200 οὐκ
933 4148 1026 4210 λοβῶν.

304 4227 423 4292 ἀνθρώπῳ
432 4227 584 4292 χρησάμενος
599 4229 720 4294 ὑπουργῷ.
758 4231 882 4281 Th.'sex·
970 4244 1007 4292 ¹4·
1040 4231 1219 4296 inqualamm
1231 4232 1331 4282 nullum
1344 4231 1401 4293 &ol
1418 4232 1508 4297 Comp.

304 4310 434 4376 planation
442 4311 744 4377 possiblyisrmattempt
756 4320 783 4362 to
794 4327 883 4377 escape
933 4328 1023 4363 comm.
1045 4329 1079 4362 on
1098 4313 1155 4364 Gai.
1178 4313 1195 4363 i.
1214 4331 1239 4375 4,
1254 4313 1289 4362 iii.
1307 4313 1347 4374 28,
1365 4313 1398 4363 iv.
1417 4328 1457 4376 24,
1480 4331 1512 4380 ³0

303 4389 369 4440 from
390 4391 440 4441 this
461 4391 534 4452 view,
558 4391 642 4442 which
664 4393 745 4456 might
766 4409 833 4444 seem
855 4402 882 4443 to
933 4394 1016 4456 (Gt),
1031 4394 1096 4461 Eph.
1110 4395 1136 4446 ii.
1151 4409 1189 4459 14,
1204 4394 1258 4446 Col.
1273 4394 1307 4445 iii.
1326 4409 1352 4444 11
1366 4393 1410 4444 διο.

304 4471 393 4522 favour
411 4473 455 4525 the
472 4473 645 4539 Apollinarian
663 4475 783 4526 doctrine.
