3342 5224
207 359 233 422 l.
250 359 292 444 6.]
628 377 669 428 m
695 378 746 430 nn
770 379 821 428 ab
844 376 1020 429 onnnrns.
1393 374 1415 438 9

207 557 269 612 tem
291 548 433 614 suadere
456 547 520 614 illis
539 550 595 633 qui
611 549 693 616 haec
715 551 919 616 incessanter
937 570 1123 635 proponere
1147 545 1415 631 adtemptabant‚

205 652 355 717 dicentes
378 653 537 737 quoniam
561 655 645 719 ‘Dei
676 664 727 720 est
751 656 825 722 lex!
871 655 1071 722 ostendebat
1101 652 1191 718 enim
1215 652 1416 718 sufficienter

205 757 365 841 quoniam
381 758 602 823 necessarium
619 766 669 823 est
685 758 718 822 in
742 759 794 824 his
809 779 1029 843 perseuerare,
1045 777 1131 840 quae
1147 755 1209 820 sub
1226 755 1415 820 differentia

206 860 349 924 multum
373 861 543 944 superiora
561 882 634 928 esse
656 862 722 945 legi
744 863 1028 941 ostendebantur;
1060 863 1153 926 Deus
1175 861 1265 925 enim
1287 861 1334 924 sic
1358 859 1415 924 illa

206 959 313 1025 uoluit
334 961 413 1036 fieri,
435 964 587 1047 eoquod
611 973 645 1029 et
666 964 784 1030 melius
808 965 944 1049 quidem
961 964 1058 1029 nobis
1083 963 1151 1028 fieri
1173 962 1412 1045 comprobauit
1451 975 1466 1041 5

205 1059 299 1142 haec,
322 1071 360 1126 ut
383 1063 465 1141 dixi,
488 1065 663 1130 coniunxit
684 1065 733 1130 illi
754 1066 891 1131 dictioni
913 1088 980 1151 qua
1003 1067 1109 1131 dixit:
1132 1065 1250 1148 gratia
1273 1064 1363 1128 nobit
1384 1073 1416 1127 et

196 1174 271 1247 pax
290 1186 312 1228 a
332 1164 402 1230 Deo
416 1175 515 1248 patre
535 1180 643 1234 nostro
662 1179 695 1234 et
712 1170 843 1235 domino
862 1169 936 1258 seru
959 1168 1095 1236 Christo.
1140 1168 1232 1252 quod
1254 1168 1357 1233 etiam
1379 1176 1413 1231 et

204 1276 435 1351 competenter
449 1272 725 1354 praecedentibus
741 1273 861 1340 iunxit.
896 1273 1013 1357 incipit
1028 1294 1107 1338 uero
1128 1273 1161 1336 in
1181 1272 1413 1355 subsequenti-

204 1375 269 1440 bus
284 1377 387 1442 uerba
402 1378 446 1443 ad
462 1401 520 1444 eos
535 1380 752 1464 depromere:
858 1399 860 1404 ·

269 1498 376 1562 miror
396 1499 485 1582 quod
503 1501 551 1564 sic
573 1500 635 1564 cito
661 1501 908 1584 transferimini
932 1501 974 1567 ab
999 1524 1033 1567 m
1056 1499 1116 1585 qni
1138 1499 1268 1566 uocauit
1289 1519 1348 1565 uos
1377 1501 1412 1565 in
1432 1521 1470 1568 10

198 1601 349 1682 gratiam
367 1599 501 1680 Christi,
517 1604 553 1667 in
567 1602 667 1668 aliud
676 1605 888 1688 euangelium.

270 1721 470 1787 conueniens
494 1723 692 1807 principium
723 1724 866 1790 nouitati
897 1723 1061 1789 sactorum
1074 1742 1082 1803 ;
1116 1723 1163 1788 sic
1187 1722 1277 1788 enim
1302 1725 1413 1807 posuit

204 1825 314 1906 miror,
329 1827 426 1911 quasi
441 1829 520 1911 quia
535 1835 570 1892 et
585 1849 636 1893 res
651 1829 782 1907 accidit,
798 1850 886 1912 quae
906 1847 1090 1911 numquam
1112 1827 1182 1891 fieri
1203 1827 1411 1891 credebatur.

203 1930 330 1995 alienos
345 1931 434 1996 enim
451 1951 559 1996 mores
574 1941 609 1997 et
628 1932 885 1997 eonsuetudines
907 1931 1070 1996 habemus
1090 1929 1254 1995 demirari.
1300 1930 1412 1994 sedet

203 2043 285 2119 tper
312 2036 445 2120 singula
473 2037 576 2103 verba
605 2039 702 2103 auxit
732 2037 897 2122 illici[tum
925 2034 1192 2112 transductionis,
1214 2034 1263 2098 sic
1289 2035 1413 2112 dicens,
1432 2053 1466 2121 15

204 2137 294 2220 quod
318 2139 458 2203 multam
487 2139 590 2204 habet
619 2141 845 2206 ostensionem
857 2161 866 2221 ;
898 2139 1103 2223 coniungens
1126 2148 1160 2205 et
1184 2138 1230 2202 illi
1251 2137 1337 2222 celto.
1378 2145 1413 2201 et

203 2241 284 2324 quia
307 2241 429 2306 adiecit
453 2243 708 2325 transferimini,
731 2265 797 2308 non
820 2243 910 2308 dixit
933 2243 1195 2322 transducimini,
1222 2242 1281 2307 sed
1304 2253 1413 2307 trans-

262 2480 315 2548 διὰ
330 2481 462 2550 πάντων
474 2483 614 2568 ηὔξησεν
623 2483 682 2566 τὴν
693 2482 833 2550 ἀτοπίαν
843 2485 901 2567 τῆς
914 2485 1111 2567 μεταβολῆς·
1127 2483 1164 2551 τὸ
1176 2483 1412 2566 obnuntiatio,

202 2584 337 2669 πολλὴν
365 2585 442 2675 ἔχον
466 2587 524 2672 τὴν
553 2587 693 2672 ἔνδειξιν·
716 2587 771 2656 nai
796 2587 835 2655 τὸ
858 2589 1006 2679 ταχέως
1033 2588 1253 2678 iracundias.
1295 2591 1350 2658 ml
1376 2591 1414 2659 τὸ

201 2689 456 2772 μετατίθεσθε
471 2689 716 2778 τροστεθεικώς,
730 2689 768 2757 οὐ
787 2689 1009 2774 μετάγεσθε·
1024 2689 1067 2764 oie
1082 2690 1139 2758 ἐπὶ
1153 2689 1298 2781 ἀψύχων
1312 2694 1415 2776 φησὶν
1428 2715 1470 2764 20

202 2793 466 2874 μετατίθεσθε.

255 2971 265 3006 1
284 2955 398 3008 suaderet
409 2957 443 3007 H
546 2957 787 3009 rostendebantH
874 2955 890 3007 6
906 2957 943 3008 illi
954 2957 1014 3008 dict.
1026 2972 1052 3022 q.
1064 2957 1090 3008 d.
1102 2975 1141 3008 om
1152 2959 1187 3009 H
1281 2967 1377 3026 rpatre
1388 2968 1414 3012 et

202 3038 271 3094 dom.
283 3047 369 3089 nostro
383 3039 405 3089 C
509 3040 524 3090 8
541 3039 621 3088 iunxit
629 3056 668 3088 om
683 3040 705 3090 C
819 3052 848 3100 14
865 3039 959 3089 alienas
970 3039 1034 3090 CH
1041 3039 1162 3102 [Rtinsch
1172 3055 1238 3105 434;
1256 3042 1356 3110 Bensly,
1374 3044 1414 3108 18]

207 3133 244 3182 ¹5·
261 3117 290 3169 16
307 3120 573 3184 ἰΙΙὶοεὶῑοθΗ(εννν)
587 3119 698 3186 (H'illi)
713 3119 717 3186 Ι
732 3129 833 3187 atquae
847 3121 870 3172 C
882 3123 957 3183 (cm)
1070 3134 1098 3185 17
1116 3121 1226 3172 dicitbl
1334 3126 1363 3175 18
1375 3140 1413 3191 sq.

203 3201 281 3254 Coisl.
296 3217 344 3265 204
354 3203 372 3253 i.
386 3216 399 3267 7
411 3205 429 3254 b
440 3203 495 3267 [Cr.
507 3204 540 3254 vi.
559 3202 596 3264 16,
612 3203 652 3254 Fr.
670 3189 734 3268 1231
836 3201 957 3264 θεόδωροτ.
987 3203 1062 3253 ἄλλος
1074 3203 1101 3252 n
1111 3203 1188 3253 πάλιν
1203 3199 1277 3256 otrus
1292 3205 1414 3269 ἑρμηνεύει

203 3285 237 3335 τὰ
253 3286 372 3349 εἰρημένα·
394 3287 434 3336 διὰ
449 3283 554 3349 πάντων,
577 3285 663 3348 rumh]
764 3299 793 3350 19
810 3285 877 3347 εἶχον
888 3285 929 3335 Cr.

203 3423 253 3474 See
270 3424 324 3474 also
340 3425 382 3475 Cr.
396 3425 428 3476 vi
449 3441 492 3492 pp.
514 3440 550 3488 11,
570 3425 783 3476 tn-uolentesis
833 3423 876 3473 the
885 3421 1017 3488 rendering
1024 3418 1270 3484 r'llr'cz'tumo'rorio,
1278 3423 1414 3476 whichhas

203 3507 327 3572 pmbably
337 3523 353 3558 a
363 3509 500 3558 correction
511 3507 549 3558 sor
560 3508 603 3558 the
614 3509 686 3572 sing,
700 3507 783 3558 which
832 3506 897 3556 been
908 3506 1033 3556 hazarded
1044 3521 1071 3557 ns
1082 3506 1276 3571 aceountingior
1287 3508 1329 3558 the
1338 3509 1412 3558 omis·

203 3603 256 3638 was
266 3597 311 3640 uot
322 3591 488 3648 understood3
505 3589 702 3641 charandrium
715 3590 779 3654 (H),
832 3587 888 3638 sion
899 3587 929 3638 ol
938 3588 979 3638 the
991 3587 1050 3637 line.

203 3685 228 3735 pt
243 3685 267 3736 9,
281 3670 299 3721 l.
314 3686 336 3722 τ.
865 3669 897 3719 In
913 3670 981 3720 what
997 3669 1105 3730 follows,
1124 3668 1147 3719 if
1159 3685 1198 3720 we
1214 3685 1273 3736 may
1290 3678 1352 3722 trust
1369 3673 1413 3725 the
1455 3685 1457 3688 ·

236 3749 261 3800 6.
294 3750 402 3815 utdiri]
433 3751 533 3813 Above,
545 3767 570 3817 p.
586 3749 638 3814 5‚1.
654 3761 678 3814 5.
832 3761 928 3813 catena,
950 3767 996 3802 our
1017 3751 1153 3802 translator
1171 3753 1266 3802 deserts
1288 3753 1331 3804 the
1353 3769 1411 3804 con·

239 3845 277 3882 rt.
304 3831 629 3898 conminuta-crabbum]
647 3833 779 3896 Laufranc,
831 3833 952 3884 struction
977 3833 1007 3883 oi
1026 3833 1069 3883 the
1088 3831 1180 3893 Greek,
1201 3832 1283 3883 which
1302 3836 1412 3900 requires

204 3914 342 3965 Robertol
354 3915 521 3980 Brldlington.
835 3916 886 3966 “et
916 3915 976 3982 quia
1003 3915 1095 3966 adiecit
1124 3914 1329 3966 ‘transferimini’
1359 3933 1412 3968 non

239 4011 277 4060 ¹4·
310 3996 425 4046 habemur
442 3995 573 4060 demirari]
600 3995 649 4049 See
669 3997 779 4058 Rdnsch
828 3997 1057 4060 ·‘transducimini,’
1076 3999 1147 4064 quasi
1169 3998 1196 4048 in
1217 3999 1344 4050 exanimes
1365 3999 1410 4050 ali·

201 4081 279 4141 Itala,
292 4095 335 4146 pp.
349 4090 454 4147 447-9.
831 4098 895 4148 quos
915 4081 1119 4133 ‘transferimini’
1138 4079 1229 4132 dixit.”
1263 4082 1288 4132 lt
1310 4082 1362 4132 will
1378 4083 1411 4136 be

239 4173 275 4224 15.
306 4170 356 4228 per
370 4163 433 4228 sing.
448 4163 523 4214 wia
537 4163 621 4225 mntr't]
654 4161 711 4217 The
729 4161 780 4214 Gk.
831 4165 953 4215 observed
969 4163 1084 4215 thatTh.
1098 4169 1175 4214 treats
1184 4163 1411 4222 nerorldeodeasa

202 4243 284 4294 shews
291 4243 346 4293 that
356 4243 471 4301 aehuse,
479 4243 626 4308 probablya
634 4241 730 4300 line‚oi
738 4241 781 4292 the
831 4247 946 4312 posim
963 4245 994 4296 ci.
1007 4245 1095 4309 Meyer
1106 4245 1157 4294 and
1169 4243 1273 4295 Ellioott
1283 4247 1320 4296 ad
1327 4247 1354 4296 h.
1366 4247 1383 4298 Ι.

202 4326 301 4377 version
314 4327 360 4376 has
376 4325 452 4392 dropt
471 4332 515 4377 out
531 4323 594 4376 alter
609 4323 690 4374 arunt.
724 4323 780 4376 The
866 4340 903 4391 17·
939 4341 991 4377 non
1003 4323 1234 4386 dicit...etal>eo]
1267 4324 1409 4378 Lanlranc=

201 4407 338 4462 bracketed
344 4406 646 4459 restorationisbesedon
656 4405 780 4472 theusage
833 4408 849 4435 ‘¹
858 4423 909 4458 non
924 4408 987 4460 dicit
1034 4407 1105 4474 quasi
1122 4423 1161 4458 ex.
1176 4407 1274 4474 aliquos
1288 4415 1313 4458 et
1325 4409 1367 4474 qui

201 4491 232 4542 ol
248 4507 295 4543 our
310 4489 450 4551 translator,
469 4489 531 4540 with
546 4489 589 4540 the
606 4488 738 4554 exception
754 4487 784 4538 oi
830 4491 948 4542 habeant·
970 4491 1032 4541 abeo
1042 4491 1088 4557 qui
1097 4507 1148 4542 uos.
1171 4499 1198 4542 ut
1207 4507 1257 4542 non
1266 4490 1409 4544 uiderentur
