3340 5232
158 394 217 460 1v.
234 391 386 478 22-24]
554 405 597 458 nr
621 405 674 460 aa.
696 405 748 458 ao
772 406 955 459 canonos,
1304 403 1364 470 ¹7³

156 581 262 644 ‘omni
278 590 322 644 'ex
338 588 434 664 parte
448 579 822 645 accomodacionis
836 579 878 645 de
895 577 1027 645 Christo
1043 577 1116 656 ista,
1132 597 1218 661 quae
1238 585 1272 642 et
1287 595 1367 640 uera

157 685 346 750 consistunt
361 694 395 749 et
410 684 457 747 sic
472 705 509 748 se
523 681 688 748 habent'*

223 833 372 916 deponere
386 852 443 896 uos
455 830 627 894 secundum
635 829 816 914 pristinam
830 827 1099 893 conuersationem
1114 837 1250 892 ueterem
1264 825 1366 890 homi-

158 956 239 1011 nem,
263 933 322 1016 qui
338 932 558 1015 corrumpitur
575 931 748 995 secundum
764 930 1044 1014 concupiscentiam
1065 927 1210 1004 erraris‚·
1234 949 1368 992 renoua-

160 1031 246 1100 minc'
265 1044 372 1099 autem
392 1033 512 1118 spiritu
528 1032 644 1098 mentis
658 1043 790 1109 nestrae,
804 1042 836 1096 ct
849 1031 974 1095 induite
989 1053 1046 1096 uas
1063 1051 1182 1095 nouum
1199 1029 1368 1104 nomicum,
1404 1028 1420 1097 5

159 1138 219 1222 qui
230 1137 401 1202 scacarium
416 1137 524 1202 Deum
538 1147 663 1200 creatrcs
676 1136 773 1200 estin
788 1135 916 1200 iustitia
931 1146 962 1200 ct
974 1136 1143 1200 sanctitate
1157 1144 1189 1200 et
1202 1133 1345 1199 ueritate.

226 1261 287 1346 †et
316 1265 406 1347 quod
437 1263 595 1328 mortales
628 1263 777 1346 sequitur
813 1272 850 1328 ut
883 1271 1030 1346 peccent,
1063 1261 1254 1326 inmortales
1289 1281 1369 1325 uero

162 1365 270 1430 effecti
297 1365 331 1429 in
361 1366 472 1430 futuro
502 1365 635 1429 saeculo
664 1385 803 1448 peccare
825 1365 912 1429 ultra
936 1385 1003 1428 non
1029 1365 1232 1448 poterimus;
1262 1363 1370 1428 forma

162 1476 273 1532 autem
290 1467 377 1530 illius
392 1477 443 1532 est
458 1467 614 1551 spiritalis
629 1468 834 1550 regeneratio
848 1487 950 1550 quarn
966 1468 1000 1530 in
1015 1467 1217 1550 baptismate
1232 1464 1369 1549 implere

162 1567 323 1645 uidemur,
338 1569 433 1650 quasi
449 1568 526 1632 hinc
542 1570 608 1632 iam
624 1569 759 1633 recreati
776 1578 810 1634 et
826 1569 1009 1633 secundum
1024 1569 1166 1632 formam
1186 1566 1369 1651 regenerati
1386 1579 1426 1628 10

163 1689 223 1752 spe
245 1669 375 1734 illorum
397 1691 484 1752 quae
505 1679 540 1734 et
559 1671 629 1735 fieri
654 1681 873 1754 expectamus
885 1690 893 1748 ;
916 1671 979 1735 hoc
1000 1671 1081 1736 dicit
1100 1671 1260 1753 quoniam
1284 1675 1369 1732 ‘non
1424 1747 1427 1754 Ι

165 1769 323 1852 ignoratis
347 1771 495 1836 solutum
522 1772 659 1854 quid'em
680 1781 759 1837 esse'
773 1783 918 1838 ueterem
940 1773 1033 1836 illum
1052 1772 1222 1836 hominem
1247 1779 1371 1835 morta·

163 1873 238 1940 lem.
281 1895 388 1938 nouus
412 1896 491 1939 uero
515 1877 652 1959 quidam
680 1896 741 1960 pro
771 1877 828 1942 illo
855 1877 991 1942 indutus
1018 1886 1068 1941 est
1095 1877 1311 1960 incorruptus,
1328 1877 1370 1958 'in

164 1977 258 2040 cuius
279 1976 419 2042 sormam
441 1977 533 2042 illam
544 1999 635 2062 «quae
651 1980 684 2043 in
705 1980 908 2063 baptismate
924 1989 974 2043 cot
994 1976 1275 2064 [renouationem]
1297 1997 1371 2060 per·

164 2193 313 2281 περὶτοῦ
329 2198 476 2283 Χριστοῦ
493 2201 606 2265 ταῦτα·
630 2196 715 2286 ἅπερ
730 2197 768 2282 δή
785 2198 840 2266 καὶ
855 2197 964 2282 ἀληθῆ
989 2197 1189 2280 καθέστηκεν
1204 2196 1258 2264 καὶ
1273 2196 1373 2270 οὗτος
1388 2221 1425 2290 15

165 2297 253 2388 Q,

230 2401 341 2484 ἐπειδὴ
364 2406 430 2474 τοῖς
454 2402 581 2484 θνητοῖς
603 2402 717 2470 ἕπεται
738 2401 776 2470 τὸ
797 2401 1005 2489 ιῖμαρτιῖνειν,
1032 2401 1189 2470 ἀθάνατοι
1220 2400 1256 2468 δὲ
1284 2399 1373 2485 «γενό-

165 2529 257 2588 μενοι
295 2504 351 2571 ἐπὶ
386 2506 443 2571 τοῦ
481 2505 661 2588 μέλλοντος
699 2503 813 2577 atavae
851 2504 1007 2589 ἁμαρτεῖν
1042 2503 1105 2572 oin
1145 2503 1372 2594 ε’πιδεχόμεθα·

166 2605 337 2690 σύμβολον
373 2605 409 2672 δὲ
445 2607 567 2673 ἐκείνου
602 2606 623 2690 ἦ
655 2610 713 2673 τοῦ
741 2606 926 2691 πνεύματος
952 2606 1167 2690 ἅναηέννησις
1194 2603 1236 2690 ἣν
1264 2608 1298 2674 ἐν
1327 2611 1374 2696 τῷ

165 2707 379 2790 βαπτίσματι
408 2710 604 2793 πληροῖμεν,
639 2706 751 2794 ὥσπερ
781 2707 1020 2791 ἀνακτιζὸμενοι
1050 2709 1196 2776 ἐντεῦθεν
1223 2707 1286 2791 ἥδη
1317 2711 1429 2778 mtto

167 2807 417 2891 ἅναηεννοῖμενοι
436 2809 518 2874 κατεῖ
532 2809 635 2875 τύπον
650 2808 760 2876 ἐλπίδι
774 2813 838 2876 τοῖν
857 2810 1142 2896 προσδοκωμένων·
1165 2813 1261 2877 τοῦτο
1274 2810 1373 2894 λέγει,

166 2907 218 2974 ὅτι
240 2911 388 2980 πάντας
410 2912 469 2976 οὐκ
491 2909 635 2993 ἀγνοεῖτε
657 2909 709 2976 ὅτι
730 2912 867 2978 actvm
888 2911 948 2994 μὲν
971 2911 988 2976 ὁ
1010 2911 1152 2982 παλαιὸς
1171 2911 1373 2997 θνθρωποςὸ

167 3008 282 3093 θνητὸς
293 3013 415 3092 ἐκεῖνος,
427 3013 532 3084 καινὸς
545 3011 580 3078 δέ
592 3040 640 3086 τις
651 3011 903 3096 α’ντεπειοῆκται
914 3013 1088 3100 ἄφθαρτος,
1099 3012 1200 3100 οὕπερ
1212 3013 1259 3087 εἰς
1270 3005 1374 3083 τθπον

166 3114 223 3182 ἐπὶ
246 3117 303 3182 τοῦ
324 3114 560 3200 βαπτίσματος
583 3113 819 3200 ἅνακαινισμὸν
842 3115 1003 3201 ἐδέξασθε,
1028 3113 1088 3198 τήν
1110 3120 1168 3183 τοῖι
1192 3121 1375 3203 πνεύματος

216 3295 230 3346 5
248 3292 331 3334 autern
342 3299 382 3332 am
396 3283 434 3334 C'
544 3298 572 3335 ιο
589 3283 671 3336 solum
683 3291 736 3336 tum
748 3284 807 3350 (for
821 3285 940 3346 squtum)
957 3285 991 3334 H
1101 3299 1130 3347 ¹⁴
1147 3283 1191 3334 illa
1210 3285 1233 3335 C
1241 3286 1275 3335 H
1283 3282 1288 3350 Ι
1303 3300 1374 3336 reno·

165 3367 293 3418 nationem
310 3381 350 3416 orn
367 3365 433 3416 cll

203 3526 225 3560 1.
258 3510 288 3560 de
315 3509 422 3572 cantu]
470 3509 561 3575 Chrys.
589 3526 659 3561 more
686 3511 746 3562 ade·
795 3524 886 3560 comm.
900 3509 981 3561 altem
996 3508 1051 3560 that
1067 3510 1111 3560 the
1128 3515 1180 3560 text
1196 3508 1217 3560 is
1233 3508 1374 3572 incantet),

167 3589 281 3656 quately:
299 3588 346 3650 ἄρα
358 3591 398 3638 καὶ
415 3590 486 3639 τοῦτο
497 3592 563 3640 ἐστιν
574 3595 581 3620 ⁴
588 3609 614 3650 μ
629 3592 679 3640 τὸν
696 3588 744 3647 X),
795 3608 834 3642 we
845 3609 903 3657 may
913 3593 1021 3658 perhaps
1034 3593 1157 3643 conclude
1170 3593 1224 3644 that
1235 3600 1258 3643 et
1273 3593 1377 3643 unitate

168 3673 197 3723 τὸ
208 3671 282 3734 ὀρθῶς
292 3673 368 3734 βιοῦν·
380 3672 453 3734 ὁγὰρ
469 3671 576 3735 πονηροῖς
591 3670 651 3736 prate
667 3670 748 3735 ἀγνοεῖ
795 3672 817 3723 is
831 3673 925 3737 merely
936 3690 951 3724 a
964 3674 1141 3725 reminiscente
1158 3675 1188 3725 os
1201 3675 1244 3726 the
1255 3675 1288 3726 O.
1298 3677 1329 3725 L.
1340 3691 1375 3726 on

169 3755 211 3803 τὸν
221 3753 275 3802 θεὸν
286 3755 325 3801 rat
337 3753 461 3816 ἀγνοεῖται
478 3751 533 3816 παρ’
548 3756 629 3804 αὐτοῦ.
663 3752 701 3804 Ci.
717 3754 746 3804 S·
796 3757 839 3808 the
849 3765 905 3822 part
917 3756 946 3806 os
954 3757 996 3806 the
1008 3757 1147 3808 translator.

167 3835 282 3900 Jerome=
313 3834 450 3886 “Christus
477 3835 544 3884 enim
569 3836 650 3886 dese
672 3835 746 3885 docet
830 3851 851 3901 η.
888 3839 1002 3888 mortales
1022 3839 1134 3904 sequitur
1148 3845 1178 3889 ut
1190 3839 1298 3905 parceret]
1334 3840 1375 3891 Cf.

169 3916 231 3982 quid
241 3915 282 3973 sit,
291 3921 316 3964 et
327 3922 434 3980 quantus
445 3916 583 3966 credendus
590 3917 634 3974 eit,
646 3923 671 3967 et
682 3932 746 3982 quae
795 3935 840 3986 pp.
854 3933 893 3982 οη,
905 3920 925 3970 1.
937 3933 959 3984 5,
974 3928 1048 3981 note3
1068 3919 1121 3981 126,
1135 3921 1152 3972 1.
1167 3935 1204 3984 14,
1218 3921 1263 3973 &a

169 4013 227 4064 spos
238 3997 357 4058 ineosit,
371 4006 396 4048 et
407 3997 494 4064 quales
504 3998 677 4049 debeantesse
694 4015 745 4049 cre·
831 4016 869 4051 το.
903 4009 1004 4050 ueterem
1017 4001 1122 4051 attunt.
1135 4003 1273 4064 malem]
1295 4003 1374 4053 Thdt.

170 4077 285 4132 dentea”
795 4103 823 4136 as
839 4086 910 4136 usual
927 4087 948 4137 is
964 4085 1083 4152 disposed
1099 4095 1126 4136 to
1143 4093 1200 4152 stop
1216 4087 1284 4138 short
1295 4095 1321 4137 at
1332 4087 1375 4138 the

202 4160 227 4212 6.
255 4161 284 4210 in
299 4161 392 4209 instet
405 4167 518 4210 sanctet
533 4161 644 4224 ueritate]
672 4161 747 4213 Since
795 4167 1079 4233 ethicalsignificationz
1096 4169 1201 4218 παλαιὸν
1214 4169 1376 4232 tremant

170 4242 214 4292 the
224 4239 328 4304 reading
339 4241 377 4289 καὶ
390 4241 491 4303 ἀληθείᾳ
502 4241 523 4290 is
535 4241 650 4292 confined
663 4250 690 4292 to
705 4244 748 4293 the
796 4245 924 4310 τὴνφύσιν
935 4248 1135 4311 tattonem
1147 4245 1192 4309 τήν
1202 4249 1247 4309 cir
1258 4249 1376 4312 ἁμαρτίαι

168 4321 351 4374 unctals'DFG
361 4322 412 4371 and
424 4322 568 4381 ἀληθείιικίε
579 4322 656 4373 found
668 4323 694 4374 in
705 4324 748 4374 the
799 4327 927 4389 ἐνέργειαν.

169 4411 222 4456 text
237 4403 267 4454 os
278 4403 322 4453 the
336 4403 408 4454 other
423 4403 748 4470 Gk.oommentators(one
833 4421 872 4471 ¹3·
904 4406 933 4457 in
945 4405 1141 4472 transformant,
1155 4403 1214 4472 dre-1
1240 4406 1278 4458 Cf.
1293 4423 1318 4473 p.
1334 4423 1374 4472 30,

170 4485 230 4537 MS.
253 4484 282 4535 oi
300 4484 394 4551 Th1tht.
419 4485 489 4549 gives
511 4487 550 4535 καῖ
569 4487 619 4544 ἁλι,
637 4487 683 4536 but
705 4485 748 4536 the
798 4487 917 4552 trasq.
