3342 5224
135 363 179 430 11.
201 362 347 446 11-14]
540 375 579 426 ru
605 376 658 428 ur.
680 375 732 426 nn
755 375 933 426 orturus.
1298 378 1337 426 21

198 571 270 613 cum
293 559 402 614 aretem
428 547 567 612 uenisset
586 548 709 612 Petras
731 546 932 626 Antiochiae,
956 547 992 612 in
1005 547 1130 630 faa'em
1154 546 1209 613 illi
1226 548 1341 625 restiti,

133 654 287 737 qnoniam
308 663 382 717 erat
404 653 617 736 reprehensus.

199 766 336 849 quidam
349 765 429 849 quia
444 765 643 830 incusabant
658 764 717 830 illa
732 784 819 848 quae
835 764 879 829 ab
892 784 933 829 eo
949 763 1084 830 fiebant
1124 785 1211 849 quae
1227 774 1340 831 autem

135 876 233 933 erant
255 868 336 932 illa?

193 1003 390 1087 priusquam
416 1003 565 1068 narirent
592 1002 727 1086 qnidam
754 1003 795 1067 ab
819 1002 942 1080 Iacobo,
973 1025 1045 1068 mm
1069 1003 1222 1087 gentibus
1249 1025 1342 1070 man·
1379 1017 1395 1083 5

133 1105 295 1182 ducebat;
310 1117 483 1189 postquam
505 1127 580 1170 uero
598 1116 763 1184 uenerunt,
776 1106 986 1171 subtrahebat
1005 1118 1037 1172 et
1057 1109 1246 1192 segregabat
1261 1110 1343 1194 seio

132 1228 215 1284 snm,
231 1208 347 1271 timens
360 1228 411 1271 eos
424 1209 484 1291 qni
496 1218 648 1272 oranter
659 1210 918 1285 einnmcebionm
941 1221 973 1275 et
987 1210 1171 1277 ductisunt
1189 1212 1226 1276 in
1248 1211 1341 1277 illam

132 1311 372 1376 simulationem
395 1313 494 1375 etiam
519 1313 616 1376 ceteri
639 1312 764 1388 Iudaei,
792 1313 841 1376 ita
866 1322 905 1376 ut
927 1323 958 1377 et
979 1312 1156 1379 Barnabas
1176 1315 1346 1379 duceretur

133 1417 168 1482 in
182 1437 291 1481 eornm
305 1416 556 1481 simulationem.
601 1418 659 1481 sed
675 1418 805 1500 qnando
825 1417 899 1481 uidi
917 1419 996 1501 quia
1016 1440 1079 1482 non
1100 1429 1180 1484 recte
1194 1420 1346 1484 incedunt

133 1523 183 1590 ad
199 1524 367 1588 ueritatem
386 1520 554 1604 mangelii,
571 1520 646 1584 αἴτι’
659 1522 760 1585 Petro
779 1542 886 1585 coram
906 1523 1077 1587 omnibus:
1097 1524 1132 1588 si
1149 1535 1186 1589 tu
1201 1524 1344 1589 leedams
1361 1539 1399 1586 10

135 1648 209 1691 cnm
223 1627 278 1702 sis,
283 1625 452 1708 gentiliter
465 1624 555 1688 uinis
568 1635 601 1689 et
613 1646 677 1688 non
692 1625 824 1703 iudaice,
840 1627 924 1708 qnid
932 1637 1045 1709 gentes
1055 1630 1140 1712 cogis
1151 1629 1344 1695 iudaizare?

201 1754 272 1819 uult
287 1755 422 1837 quidem
438 1754 624 1831 ostendere,
640 1754 799 1836 quoniam
816 1773 882 1817 non
898 1755 1029 1840 scriptis
1044 1765 1178 1822 tantum
1194 1759 1345 1824 abutitur
1434 1791 1436 1796 ·

137 1857 230 1924 uerbi
248 1856 414 1931 fiduciam,
428 1855 486 1919 sed
504 1864 537 1920 et
553 1857 586 1918 in
602 1856 720 1920 faciem
736 1856 859 1920 restitit
876 1853 981 1921 Petro.
1012 1860 1150 1941 quando
1167 1859 1283 1924 Iudaei
1299 1861 1343 1926 ab

136 1959 261 2023 lacobo
291 1958 391 2023 fratre
422 1957 568 2030 Domini,
599 1959 656 2041 qui
694 1957 994 2022 Hierosolimorum
1025 1960 1200 2028 ecclesiam
1229 1981 1344 2045 regere

135 2064 242 2128 suerat
266 2062 478 2135 constitutus
493 2059 711 2124 Antiochiam
728 2069 898 2134 uenerunt,
923 2082 1056 2126 cessans
1072 2063 1170 2127 edere
1185 2083 1262 2127 cum
1278 2063 1342 2128 illis
1361 2075 1395 2142 15

134 2166 192 2248 qui
223 2185 267 2228 ex
297 2165 453 2248 gentibus
482 2163 703 2236 crediderant,
730 2163 821 2247 quod
852 2165 997 2246 primum
1029 2165 1205 2230 indiscrete
1235 2165 1344 2230 iacere

134 2267 320 2342 uidebatur,
337 2267 484 2349 seipsum
502 2268 545 2329 ab
566 2286 681 2331 eorum
698 2268 809 2349 coepit
824 2268 992 2332 custodire
1007 2267 1253 2332 communione.
1293 2269 1344 2331 ‘in

133 2392 201 2454 qua
223 2370 288 2434 hoc
312 2370 456 2434 iactum:
481 2389 547 2433 non
568 2369 677 2433 solum
702 2369 836 2434 Iudaeis
858 2367 1181 2434 communicantibus
1205 2369 1260 2448 illi,
1284 2370 1343 2433 sed

133 2485 168 2540 et
192 2474 346 2538 Bernaba
369 2494 445 2538 meo
469 2472 568 2551 socio,
585 2483 722 2557 propter
745 2473 819 2537 illos
842 2475 900 2558 qui
924 2495 944 2538 a
969 2474 1095 2538 Iudaea
1117 2483 1278 2538 uenerant
1300 2474 1345 2538 ad

184 2687 269 2731 amat
285 2695 326 2728 om
345 2679 398 2730 CH
437 2678 637 2743 reprehensibilis
653 2685 706 2729 erat
722 2679 782 2744 quia
798 2677 900 2742 quidam
914 2676 1020 2743 C(corr)
1064 2681 1226 2746 reprehensus
1243 2679 1345 2746 quidem

135 2762 194 2826 quia
210 2761 245 2810 H
338 2759 590 2823 5manducubantC
688 2760 834 2822 yetomH
927 2760 1148 2824 9incederentH
1243 2775 1270 2811 rr
1284 2778 1345 2827 quo·

134 2839 404 2906 modolsorquile
468 2854 496 2889 rr
512 2839 640 2889 abutimur
650 2839 735 2890 ΝΗ
799 2839 984 2906 r3iidutiaHl
1000 2841 1155 2892 saciecn·
1224 2842 1254 2894 16
1265 2843 1345 2894 iacere

135 2925 268 2978 indiscrete
285 2927 315 2976 H
415 2937 443 2988 17
462 2925 551 2990 inquo
562 2924 628 2974 iacto
641 2921 747 2989 Cleon)
850 2939 881 2991 ¹⁹
899 2925 1029 2976 Barnabae
1047 2927 1082 2976 H

135 3118 192 3168 The
208 3116 336 3167 confusion
353 3115 382 3166 oi
396 3116 437 3166 the
449 3115 528 3167 MSS.
540 3131 598 3180 may
607 3114 716 3180 perhaps
799 3131 823 3166 r.
850 3116 968 3180 quonum
978 3115 1209 3181 erarepramms]
1236 3118 1274 3168 bu
1288 3135 1345 3168 rar·

136 3199 169 3249 be
190 3197 303 3248 ascribed
325 3204 352 3248 to
375 3196 409 3262 (r)
430 3198 473 3248 the
495 3197 613 3247 omission
631 3198 665 3262 by
682 3212 716 3246 an
766 3194 960 3257 εγνωσμένοςῆν.
993 3197 1049 3248 The
1059 3206 1182 3248 corrector
1193 3198 1223 3249 oi
1231 3200 1272 3249 the
1284 3200 1345 3250 Cor·

134 3281 224 3332 earlier
234 3281 331 3346 copyist
341 3281 371 3330 oi
378 3281 421 3331 the
432 3281 514 3331 words
524 3295 580 3329 cum
595 3285 676 3329 aunon
765 3278 807 3328 bie
820 3278 878 3328 MS.
890 3279 936 3328 hss
946 3279 1095 3328 substituted
1108 3279 1149 3330 the
1161 3280 1237 3345 Vulg.
1247 3281 1345 3332 render·

134 3363 262 3426 quaeritur,
275 3359 309 3426 (r)
325 3362 368 3412 the
385 3363 535 3426 subsequent
552 3361 715 3410 reintroduc·
766 3361 826 3426 ing;
842 3378 884 3412 see
900 3379 941 3412 vv.
957 3362 984 3412 ll.
1021 3363 1093 3413 With
1110 3363 1181 3414 uhts
1200 3365 1345 3429 interpretu-

136 3445 189 3494 tion
207 3444 270 3494 aller
286 3444 442 3508 reperiemus
460 3443 490 3494 of
508 3459 577 3494 verse
599 3458 637 3502 ιι,
660 3459 715 3508 pre·
766 3442 819 3491 tion
842 3440 869 3507 (“
877 3443 979 3506 quidam
1006 3443 1065 3508 quia
1092 3442 1265 3504 incusabant,”
1288 3443 1345 3508 dre.)

134 3524 214 3574 ceded
236 3525 324 3589 bysic
345 3521 556 3589 (ursicinum.
590 3523 628 3572 Et
644 3530 718 3573 aaut
765 3538 848 3587 comp.
859 3524 947 3588 Chrys.
960 3521 1002 3573 obe
1013 3526 1088 3584 εἶπεν,
1101 3521 1137 3574 ὑπ’
1150 3521 1215 3586 ἐμοῦ·
1232 3523 1288 3576 ἀλλ’
1299 3527 1346 3577 tri

135 3604 209 3656 loolrs
220 3604 272 3654 like
286 3605 327 3654 the
345 3605 494 3668 blundering
510 3605 642 3670 repetition
658 3605 688 3654 oi
700 3620 717 3655 a
766 3603 913 3656 τῶνᾶλλων.
991 3653 997 3664 ,

135 3685 215 3735 scribe
227 3686 311 3735 whose
325 3701 371 3750 eye
387 3685 437 3735 had
453 3685 535 3735 rested
552 3701 585 3735 on
602 3685 644 3734 the
661 3701 717 3750 pre-
800 3698 824 3751 7.
859 3689 926 3738 ducti
940 3697 1000 3739 mort
1014 3691 1045 3740 in
1055 3691 1127 3740 ibam
1138 3691 1173 3754 a]
1208 3694 1345 3755 cumcupi-

135 3767 207 3816 vious
222 3773 284 3816 erat.
318 3767 387 3816 Pitra
403 3767 477 3816 omits
492 3772 515 3816 et
527 3773 600 3814 aaut
610 3765 715 3818 without
766 3771 844 3830 θησαν
854 3767 920 3833 αύτῷ
930 3770 973 3835 (0.
987 3774 1016 3822 L.
1028 3781 1200 3823 enumerant
1211 3791 1267 3824 mm
1284 3777 1346 3837 illo,-

135 3847 227 3905 notice,
249 3847 301 3897 and
328 3847 416 3897 inserts
442 3847 472 3895 de
496 3861 547 3910 qua
575 3846 601 3895 in
627 3861 716 3912 square
766 3852 1267 3922 Vulgsimnlationieinsconsenrmt).
1291 3857 1346 3908 Our

135 3929 254 3978 brackets
269 3927 354 3977 besore
370 3935 425 3976 erat
440 3935 513 3992 repr..
532 3925 613 3978 which
629 3927 662 3976 he
679 3943 715 3977 re·
766 3932 899 3983 translator
913 3950 993 3984 seems
1009 3941 1035 3984 to
1050 3935 1114 3986 hare
1129 3937 1192 3986 been
1207 3937 1301 4001 guided
1311 3939 1345 4002 by

136 4009 210 4058 taius.
245 4007 335 4058 lbere
346 4007 453 4072 thought
463 4007 482 4056 it
493 4007 548 4056 best
562 4014 589 4056 to
603 4007 666 4057 omit
682 4005 716 4056 all
767 4012 969 4063 areminiscence
982 4015 1012 4064 oi
1025 4015 1067 4065 the
1082 4016 1157 4081 Vulg.
1173 4019 1306 4084 rendering
1320 4020 1350 4070 of

136 4093 192 4142 four
206 4091 296 4150 words,
308 4092 440 4157 regarding
457 4091 525 4140 them
539 4106 567 4140 as
577 4106 610 4140 an
621 4105 716 4142 encres=
767 4095 810 4143 the
826 4093 953 4160 following
963 4096 1053 4154 words,
1066 4100 1214 4160 συναπήχθη
1223 4098 1302 4148 αὐτῶν
1314 4102 1348 4162 τῇ

134 4189 212 4224 cence
222 4189 292 4238 upon
303 4173 345 4223 the
356 4172 461 4238 origind
473 4181 533 4222 text.
768 4174 889 4238 ὑποκρίσει
901 4173 1098 4238 (duceretur...in
1110 4178 1155 4227 illa
1170 4179 1345 4245 simulaturne).

172 4271 195 4306 r.
227 4255 328 4316 Petrus]
361 4255 396 4305 So
408 4255 495 4314 0.1.;
513 4255 715 4321 Vulg.,Cephas.
802 4271 839 4307 rr.
872 4257 936 4321 qnid
945 4265 1026 4321 gentes
1041 4259 1114 4323 cogis]
1132 4260 1188 4310 'lhe
1200 4261 1274 4312 Latin
1292 4278 1345 4313 rer·

135 4339 193 4390 'l'he
209 4354 277 4389 same
294 4337 426 4388 diiiereuoe
440 4353 526 4388 occurs
541 4337 715 4399 belorr,l.1o.
766 4338 834 4388 sions
852 4338 903 4388 and
922 4338 1015 4390 fathers
1033 4349 1160 4406 represent
1180 4343 1223 4392 the
1243 4344 1346 4409 reading

136 4421 237 4482 Hirpos,
251 4419 479 4482 iltrpuareiound
492 4420 518 4470 in
530 4420 628 4485 Chrys..
641 4421 713 4484 Oea,
767 4421 825 4470 πῶς.
859 4419 957 4484 Chrys..
975 4420 1064 4478 thur..
1082 4423 1132 4472 and
1150 4423 1191 4473 the
1209 4423 1281 4473 other
1293 4425 1342 4474 Gk.

135 4501 250 4566 'l'hpht3
268 4501 341 4552 Dam.
357 4501 402 4551 has
414 4500 511 4562 Κηφᾶς,
526 4503 621 4564 Πέτρῳ.
766 4509 959 4551 commentatore
973 4501 1034 4564 (exc.
1051 4503 1137 4564 Dum.)
1150 4505 1212 4553 have
1225 4508 1255 4554 rt.
