3332 5210
288 381 330 445 62
624 393 851 447 rnnooonus
876 390 1167 444 uorsuss‘muus
1338 365 1408 459 [IV.
1424 392 1453 454 4,
1473 388 1498 454 5.

357 591 428 634 cum
451 589 526 653 ergo
546 567 637 632 uertit
654 564 824 649 plenitudo
846 562 1005 645 temporit,
1029 560 1123 625 misit
1144 561 1235 624 Deus
1256 559 1382 623 Filium
1404 577 1500 621 suum

283 671 416 752 sactum
442 691 481 735 ex
504 671 645 746 muliere,
665 668 797 750 factum
821 665 882 729 sub
911 666 984 746 lege,
1007 673 1046 727 nt
1067 662 1140 728 illos
1161 663 1220 746 qui
1236 663 1295 728 sub
1321 664 1501 746 lugierunt

292 773 460 838 redimeret
466 797 480 849 ,·
504 783 542 837 ut
547 773 699 858 filiorum
715 769 913 852 adoptionem
930 767 1129 850 recipiamus.

356 912 531 994 ‘quoniam
550 920 662 974 autem
679 918 811 991 tempus
827 907 919 970 uenit
939 906 1122 970 secundum
1143 906 1234 989 quod
1256 905 1298 971 ad
1315 905 1497 990 perfectum

257 1025 274 1092 5
291 1035 461 1079 occurrere
476 1014 567 1096 digni
582 1012 773 1086 habeamur,
789 1009 882 1072 liberi
904 1008 1012 1073 effecti
1033 1030 1053 1073 a
1075 1019 1182 1074 morte
1197 1021 1231 1088 et
1253 1032 1273 1074 a
1288 1011 1498 1094 corruptione

292 1128 326 1182 et
349 1119 440 1181 omni
467 1117 631 1200 passione,
655 1115 747 1178 uenit
770 1113 834 1177 Dei
859 1112 971 1188 Filius,
987 1113 1094 1177 factus
1115 1135 1159 1176 ex
1181 1112 1328 1194 muliere,
1351 1115 1415 1179 hoc
1438 1125 1496 1190 est,

246 1270 249 1275 .
290 1220 418 1284 habens
434 1229 587 1283 naturam
604 1237 704 1300 quam
721 1226 755 1280 et
771 1237 832 1280 nos
842 1239 850 1295 ;
872 1217 928 1298 qui
946 1225 980 1279 et
1000 1215 1063 1278 sub
1084 1213 1156 1298 lege
1175 1216 1281 1279 factus
1305 1224 1365 1292 est,
1380 1226 1497 1300 utpote

290 1323 392 1386 homo
416 1323 617 1386 constitutus
644 1322 826 1383 secundum
850 1327 1013 1396 naturam,
1037 1326 1072 1382 et
1096 1318 1232 1401 quidem
1256 1317 1321 1402 legi
1344 1321 1496 1386 debitum

291 1426 469 1491 restituens
505 1422 596 1506 quod
632 1443 652 1485 a
694 1421 789 1485 nobis
819 1420 1012 1485 debebatur.
1067 1421 1181 1503 sicque
1211 1422 1282 1504 ipse
1312 1443 1496 1505 exsurgens

238 1541 277 1588 10
292 1526 501 1590 inmortalem
525 1526 616 1590 illam
640 1526 745 1588 uitam
761 1524 956 1606 adsumpsit,
972 1525 1155 1588 consistens
1170 1525 1203 1588 in
1220 1523 1310 1588 illam
1327 1527 1495 1608 integrita-

289 1638 359 1692 tem
390 1649 491 1710 quam
522 1630 601 1693 olim
637 1645 827 1710 speramus;
864 1636 898 1689 et
934 1627 1176 1692 simillimorum
1214 1629 1310 1692 nobis
1347 1629 1497 1711 prouisor

290 1731 406 1795 extitit
434 1732 608 1807 bonorum,
637 1751 754 1794 omnes
781 1750 842 1793 nos
868 1751 887 1792 a
911 1730 1071 1793 seruitute
1094 1729 1236 1794 liberans
1260 1731 1360 1814 legis!
1415 1751 1495 1814 quo·

289 1838 378 1901 niam
398 1847 510 1902 autem
534 1835 677 1901 filiorum
699 1835 915 1915 adoptionem
932 1843 965 1896 et
985 1834 1259 1898 inmortalitatem
1282 1835 1495 1918 adquiremus

288 1950 366 2021 post
390 1939 671 2006 resurrectionem,
703 1943 737 1996 et
766 1935 917 2015 superius
948 1936 1121 1999 euidenter
1150 1938 1364 2001 ostendimus
1417 1956 1493 2001 con-

236 2059 270 2124 15
287 2041 501 2104 siderandum
523 2045 574 2100 est
596 2043 708 2096 autem
740 2042 773 2096 et
798 2055 841 2098 ex
867 2033 1027 2116 hisquae
1051 2036 1116 2099 hoc
1142 2039 1175 2101 in
1200 2039 1273 2102 loco
1292 2041 1382 2103 dicta
1406 2048 1492 2110 sunt,

288 2144 446 2224 quoniam
470 2135 630 2220 perfectio
656 2134 788 2210 illorum
819 2156 906 2218 quae
936 2137 1119 2199 secundum
1152 2139 1321 2204 Christum
1351 2152 1428 2206 sunt
1459 2143 1492 2204 in

287 2246 399 2308 futuro
423 2241 557 2305 saeculo
584 2239 680 2304 nobis
705 2241 828 2316 aderit,
847 2240 984 2322 quando
1009 2249 1042 2303 et
1069 2239 1124 2303 illa
1150 2262 1236 2322 quae
1263 2243 1307 2305 ab
1337 2243 1491 2324 apostolo

284 2351 375 2414 dicta
404 2355 482 2410 sunt
509 2347 589 2428 ipsis
616 2345 714 2410 rebus
745 2366 823 2409 uera
847 2365 919 2409 esse
944 2342 1236 2422 monstrabuntur;
1275 2345 1406 2407 interim
1434 2345 1491 2408 illa

285 2455 357 2537 ipsa
373 2453 406 2516 in
423 2453 586 2535 promissa
603 2451 841 2534 accipientibus
857 2448 953 2512 nobis
970 2449 1001 2511 in
1018 2447 1184 2530 praesenti
1209 2447 1288 2511 uita.

228 2573 271 2621 20
350 2575 428 2617 nam
445 2554 534 2636 quod
552 2553 657 2616 dixit:
682 2551 776 2616 misit
788 2551 879 2616 Deus
893 2551 1019 2614 Filium
1034 2570 1130 2613 suum
1138 2550 1271 2632 factum
1287 2569 1325 2612 ex
1341 2549 1491 2624 muliera·

282 2655 420 2719 euidens
443 2655 578 2737 quidem
600 2663 659 2731 est,
683 2653 841 2736 quoniam
864 2654 906 2717 de
926 2652 1061 2716 homine
1085 2653 1175 2728 dicit,
1201 2653 1257 2734 qui
1286 2661 1321 2716 et
1347 2671 1391 2714 ex
1419 2671 1491 2715 mu-

281 2756 361 2821 liere
376 2757 483 2820 factus
504 2765 554 2820 est
578 2764 611 2819 et
634 2757 696 2820 sub
719 2756 793 2839 lege
811 2764 1026 2819 conuersatus
1047 2763 1105 2818 est
1151 2753 1258 2818 filium
1279 2763 1392 2818 autem
1413 2774 1490 2817 eum

330 2905 344 2953 5
362 2907 378 2940 a
390 2907 428 2940 om
441 2891 474 2940 H
483 2888 487 2954 Ι
502 2891 657 2955 correptione
672 2890 709 2940 C*
863 2901 876 2952 7
895 2889 958 2939 sicut
971 2889 1030 2953 (sor
1040 2891 1125 2955 quam)
1139 2890 1172 2939 H
1313 2905 1329 2954 9
1346 2889 1381 2938 sie
1393 2889 1452 2954 quia
1463 2887 1496 2938 H

283 2989 309 3022 11
329 2973 484 3038 spirabarnus
498 2973 604 3032 Clcorr)
619 2971 623 3036 Ι
638 2972 785 3022 simillorum
796 2972 830 3021 H
831 2971 843 2996 ⁸
950 2985 979 3033 13
996 2979 1021 3021 et
1033 2969 1201 3036 (befinmort.)
1213 2987 1252 3019 om
1263 2971 1298 3020 H
1421 2985 1448 3032 15
1466 2977 1491 3020 et

280 3051 740 3120 (besexhislomHlinhoclH,
817 3053 846 3103 16
863 3069 913 3118 quo
925 3053 1160 3119 (siarquoniamw
1268 3069 1298 3118 19
1315 3054 1369 3119 ipsa
1386 3055 1426 3132 oni
1443 3053 1477 3102 H.

281 3153 308 3188 αι
329 3153 430 3187 munere
443 3135 499 3200 (sor
508 3133 621 3198 muliere)
637 3134 675 3185 C*

312 3280 334 3329 7.
359 3267 403 3316 sub
420 3267 469 3332 lege
478 3267 565 3330 soclus
581 3266 625 3327 est]
669 3265 707 3315 Cf.
729 3265 771 3314 the
798 3265 853 3329 Syr.
907 3267 1033 3327 γενόμενον
1045 3264 1091 3315 ὑπὸ
1102 3265 1179 3324 νόμον,
1194 3264 1232 3312 ἵνα
1246 3261 1341 3313 πάντας
1358 3263 1420 3321 ἡμᾶς
1436 3265 1488 3322 ἐξα·

279 3347 400 3413 fragment
427 3348 528 3410 already
549 3346 642 3411 quoted
671 3345 734 3394 from
758 3344 856 3394 Sachau
907 3345 1003 3408 γνρόσῃ
1019 3345 1063 3406 τῆς
1080 3347 1123 3395 τοῦ
1138 3347 1210 3404 νόμον
1227 3341 1487 3404 δουλεῖας...ὰπορρή-

278 3457 332 3520 (pp.
347 3471 385 3519 30»
400 3454 474 3513 Μ)
492 3426 608 3505 &mit
626 3417 854 3531 &doma
907 3444 953 3478 *ω’
973 3427 1081 3490 συνῆψεν
1101 3425 1186 3488 ἑαυτῷ.
1232 3426 1280 3476 See
1302 3425 1356 3474 also
1379 3424 1421 3473 the
1437 3432 1488 3473 two

776 3505 785 3521 ⁹
907 3510 1041 3574 fragments
1053 3507 1082 3559 of
1095 3507 1166 3558 Th.’s
1183 3523 1275 3558 comm.
1292 3521 1326 3554 on
1344 3506 1419 3555 Mart.
1437 3505 1486 3554 and

280 3571 410 3687 ψ
454 3575 647 3657 {adim
688 3593 854 3653 dmm
908 3591 988 3639 Hebr.
1015 3590 1113 3655 printed
1142 3591 1168 3637 in
1205 3586 1338 3650 lagarde's
1367 3587 1487 3634 Analecta

905 3671 1017 3734 Syriaca,
1027 3687 1051 3734 p.
1066 3671 1117 3719 108.
1136 3668 1279 3717 'theodoret
1286 3666 1357 3716 takes
1366 3665 1408 3715 the
1418 3681 1486 3716 same

280 3716 469 3822 puniam
534 3757 629 3800 ,Μ
665 3722 852 3803 {milda
905 3755 969 3802 view
988 3751 1017 3801 of
1036 3751 1078 3800 the
1097 3763 1208 3814 passage,
1230 3747 1351 3812 although
1371 3763 1398 3798 aa
1415 3747 1486 3797 usual

384 3866 386 3870 .
749 3877 765 3892 ,,
906 3833 948 3884 the
971 3832 1075 3896 disciple
1098 3831 1198 3881 shrinks
1221 3831 1285 3880 from
1308 3831 1351 3880 the
1375 3829 1485 3892 scarcely

404 3866 502 3972 ἦὼ-
516 3893 520 3902 Ι
534 3861 593 3948 “A
627 3873 852 3970 ⁰⁰³i1⁰⁴i⁸³
905 3915 1027 3965 orthodox
1039 3914 1161 3978 langunge
1172 3913 1202 3963 of
1215 3913 1257 3963 the
1274 3920 1383 3962 master:
1400 3913 1485 3968 ἐπιση-

314 4019 350 4065 ¹4·
375 4010 397 4052 et
417 4001 528 4065 niperius
545 3999 608 4049 mid.
629 3997 731 4059 ostend]
755 4015 802 4062 cg.
820 4013 853 4046 on
904 3995 1029 4057 μήνασθαι
1047 3996 1129 4053 μέντοι
1146 3992 1261 4057 προσήκει
1279 3995 1317 4044 ὅτι
1335 3995 1363 4044 τὸ
1384 3993 1485 4054 ἐξαπέ-

277 4084 311 4134 ἱίἰ.
327 4082 367 4143 26,
378 4084 460 4132 where
471 4097 512 4132 see
523 4089 589 4130 note.
907 4082 1024 4129 στειλεν
1034 4079 1067 4140 τῇ
1077 4077 1255 4142 ἐνανθρωπήσει
1271 4075 1447 4140 προσήρμνσεν·
1459 4073 1486 4124 οὐ

312 4180 351 4214 21.
374 4163 510 4212 delumine
520 4162 588 4223 de'cil]
614 4161 705 4224 Comp.
719 4160 854 4209 theTheo·
905 4160 955 4224 ’γὰρ
975 4162 1050 4210 εἶπεν·
1074 4162 1217 4210 ἀπέστειλεν
1236 4161 1308 4209 αὐτὸν
1326 4160 1439 4221 ’γενέσθαι
1459 4160 1485 4206 ἐκ

276 4247 370 4295 dorean
392 4245 499 4294 ecthesis
523 4243 627 4307 (Migne,
654 4242 737 4303 impl:
766 4241 780 4290 d
803 4243 854 4289 δεσ-
906 4243 1022 4306 γυναικὸς,
1042 4245 1080 4291 ἵνα
1097 4242 1139 4302 τῆς
1157 4243 1267 4302 θεότητος
1284 4239 1328 4300 τήν
1346 4239 1486 4298 ἀποστολήν

277 4327 352 4384 πότην
378 4327 429 4374 θεὸς
445 4327 527 4386 ’λόγος
551 4323 678 4385 ἄνθρωπον
701 4326 801 4383 εἴληφεν
817 4323 855 4370 τέ·
906 4323 1076 4387 ὑπολάβωμεν·
1101 4326 1166 4373 ἀλλὰ
1182 4325 1326 4386 γεννώμενον
1345 4321 1409 4384 [sir.
1427 4323 1481 4384 leg„

276 4407 341 4457 iecor
352 4409 414 4457 ...ὃν
432 4405 557 4468 ἄνθρωπον
579 4407 636 4454 ὄντα
656 4403 709 4454 καθ’
731 4404 793 4464 ἡμᾶς
812 4406 856 4463 τὴν
905 4406 1042 4468 γενόμενον]
1059 4407 1086 4454 ἐκ
1102 4405 1221 4466 γυναικός·
1240 4401 1348 4450 τοῦτοδὲ
1364 4399 1405 4458 τῆς
1423 4402 1483 4449 olco·

276 4495 507 4556 φύσιν...γεν5μενον
521 4493 637 4554 ὑπὸ[Ιςςν.,
647 4491 683 4552 ἐκ]
695 4492 805 4552 γυναικὸς
815 4491 854 4538 rol
905 4491 984 4549 rapine
997 4490 1062 4538 [διον.
