3332 5210
213 437 269 504 1V.
287 439 350 523 24]
613 451 654 501 ΙΝ
679 451 730 502 aa
755 449 805 500 nn
829 449 1005 502 cnununs.
1375 419 1418 515 73

211 618 293 684 dicit
316 619 474 702 quoniam
497 618 527 682 Α
534 617 670 682 bradam
697 617 777 682 duos
793 617 887 702 filios
906 617 1029 694 habuit,
1047 637 1149 680 unmn
1175 615 1214 679 de
1236 612 1364 690 ancilla,
1387 621 1420 677 et

212 742 314 784 urium
330 721 369 784 de
382 721 490 786 libera.
528 721 587 784 sed
605 721 661 784 ille
680 721 809 804 quidem
829 721 888 804 qui
904 721 945 784 de
957 719 1087 798 ancilla,
1102 719 1273 782 secundum
1288 737 1417 781 carnem

166 855 169 862 v
214 834 311 886 nattes
325 833 379 888 est.
412 823 476 887 hoc
500 833 559 902 est,
576 824 720 888 naturali
744 824 919 907 sequentia
944 833 1043 887 natus
1068 831 1138 900 est;
1162 823 1209 885 sic
1233 821 1416 899 nominans,

211 927 383 992 secuudum
408 948 544 1004 carnem,
572 928 732 1011 quoniam
758 936 791 991 et
817 927 906 992 carni
932 927 1028 991 adest
1052 927 1237 990 secundum
1262 934 1415 988 naturam

212 1041 336 1114 partus.
382 1040 415 1096 et
433 1031 579 1106 lsmahel
610 1031 753 1095 naturali
787 1031 960 1114 sequentia
991 1031 1098 1094 carnis
1128 1040 1226 1094 natus
1254 1039 1315 1107 est,
1345 1031 1416 1093 siue
1453 1047 1468 1114 5

213 1135 395 1199 secundum
413 1134 595 1208 Abraham,
612 1137 682 1198 siue
697 1136 879 1198 secundum
895 1134 997 1218 Agar.
1030 1155 1107 1199 nam
1124 1135 1180 1198 ille
1190 1136 1250 1218 qui
1263 1135 1302 1197 de
1316 1134 1416 1199 libera

212 1249 312 1302 natus
335 1248 382 1302 est
405 1239 577 1302 secundum
594 1238 843 1321 promissionem
867 1248 964 1302 natus
987 1248 1041 1316 est,
1063 1238 1127 1303 hoc
1148 1249 1206 1316 est,
1231 1239 1414 1303 secundum

211 1342 364 1423 gratiam.
394 1341 502 1404 omnis
524 1343 612 1413 enim
633 1342 808 1424 promissio
827 1362 888 1424 per
901 1341 1045 1424 gratiam
1066 1342 1153 1406 solet
1176 1342 1255 1406 fieri.
1299 1341 1416 1406 ordine

213 1443 302 1506 enim
326 1453 462 1506 naturae
486 1443 581 1510 Isaac
604 1464 816 1536 nequaquam
842 1442 942 1506 luisse
964 1453 1064 1507 natus
1095 1443 1224 1520 dicitur,
1256 1463 1296 1506 eo
1323 1442 1413 1525 quod

111 1569 115 1578 ·
214 1543 315 1609 Sarra
334 1545 459 1627 duplici
475 1545 602 1609 ratione
620 1546 717 1609 edere
736 1555 869 1628 partum
886 1565 951 1609 non
967 1553 1107 1628 poterat
1153 1553 1224 1608 erat
1244 1545 1333 1608 enim
1350 1566 1416 1609 una
1434 1571 1473 1619 10

214 1647 325 1729 passio
351 1647 545 1729 sterilitatis,
570 1657 604 1712 et
630 1647 696 1720 alia
722 1668 808 1730 quae
832 1646 924 1711 illam
948 1647 992 1712 ob
1017 1645 1280 1729 longaeuitatem
1304 1647 1417 1730 prohi-

214 1750 316 1814 bebat
338 1771 461 1834 parere.
506 1761 541 1816 et
572 1752 643 1834 ipse
665 1749 840 1814 Abraham
863 1759 975 1816 aetate
1006 1751 1186 1815 senectutis
1210 1750 1319 1817 suerat
1340 1773 1417 1835 pro-

215 1853 340 1917 uectior
361 1852 505 1918 effectus.
550 1854 610 1926 sed
620 1863 723 1920 ,natus
739 1862 790 1918 est
806 1863 938 1936 praeter
952 1873 1090 1918 omnem
1106 1874 1201 1936 spem
1222 1864 1257 1917 et
1276 1863 1415 1919 naturae

213 1957 429 2039 sequentiam,
455 1967 592 2041 propter
621 1957 726 2021 solam
765 1958 994 2040 promittentis
1035 1957 1195 2020 uirtutem
1231 1951 1354 2040 pariter
1383 1965 1418 2023 et

214 2056 457 2124 liberalitatem.
502 2061 548 2124 sic
575 2069 609 2124 et
636 2058 693 2123 illa
719 2080 806 2152 quae
832 2061 1016 2126 secundum
1047 2058 1222 2123 Abraham
1261 2069 1339 2124 sunt
1368 2053 1484 2156 re-15¹

215 2159 330 2237 serens,
361 2162 544 2226 secundum
574 2170 612 2234 ut
641 2170 676 2232 et
715 2162 748 2223 in
788 2162 910 2225 diuinis
949 2162 1119 2245 scripturis
1149 2162 1309 2245 scriptum
1345 2183 1418 2226 esse

214 2261 354 2339 uidetur,
381 2263 557 2332 ostendere
580 2284 659 2336 uero
681 2263 819 2348 cupiens
841 2285 908 2346 qua
930 2265 973 2336 de
993 2285 1094 2338 causa
1119 2262 1184 2327 illis
1212 2264 1256 2329 sit
1283 2265 1416 2344 abusus,

214 2364 335 2434 adicit:

277 2539 360 2601 quae
371 2527 451 2582 sunt
455 2529 519 2601 per
531 2518 722 2602 allegoriam
737 2516 832 2584 dicta.

280 2647 336 2729 qui
363 2647 512 2710 studium
536 2647 678 2711 multum
704 2647 831 2713 habent
852 2651 1069 2713 interuertere
1091 2669 1208 2713 sensus
1229 2649 1418 2714 diuinarum
1434 2675 1476 2722 20

212 2750 447 2832 scripturarum
464 2760 498 2815 et
513 2751 626 2818 omnia
643 2771 729 2833 quae
748 2751 827 2815 illuc
844 2752 954 2834 posita
973 2761 1052 2815 sunt
1071 2752 1274 2835 intercipere,
1290 2750 1419 2816 fabulas

214 2874 293 2918 uero
318 2856 481 2937 quasdam
508 2855 638 2937 ineptas
664 2876 709 2919 ex
737 2876 774 2918 se
800 2855 997 2937 confingere,
1029 2863 1063 2919 et
1090 2853 1268 2938 allegoriae
1296 2875 1419 2919 nomen

215 2976 293 3046 suae
312 2973 435 3039 ponere
454 2955 671 3040 desipientiae
682 2978 691 3036 ς
717 2955 803 3022 hanc
822 2945 939 3020 uocem
958 2951 1102 3039 apostoli
1121 2956 1307 3032 abutentes,
1324 2958 1419 3039 quasi

215 3057 272 3139 qui
299 3057 374 3122 hinc
402 3061 577 3122 uideantur
602 3059 783 3141 sumpsisse
813 3066 1016 3139 potestatem
1047 3065 1084 3120 ut
1114 3066 1148 3121 et
1176 3077 1292 3120 omnes
1323 3057 1420 3120 intel·
1458 3063 1465 3080 ‘

215 3158 319 3223 lectus
356 3161 488 3224 diuinae
525 3160 750 3224 exterminent
796 3161 986 3242 scripturae,
1029 3180 1069 3223 eo
1107 3160 1197 3242 quod
1237 3158 1419 3222 secundum
1434 3189 1473 3257 25

216 3262 405 3342 apostolum
427 3273 490 3344 per
517 3262 707 3346 allegoriam
733 3263 843 3326 dicere
875 3263 1034 3336 nituntur,
1067 3270 1101 3324 et
1131 3259 1194 3342 ipsi
1224 3280 1291 3323 non
1322 3261 1419 3323 intel-

216 3365 364 3448 legentes
390 3373 553 3449 quantum
579 3365 689 3430 differt
715 3367 805 3449 quod
834 3365 877 3437 ab
903 3363 967 3427 illis
994 3372 1028 3435 et
1054 3363 1098 3431 ab
1124 3362 1278 3446 apostolo
1301 3363 1421 3427 hocin

215 3467 291 3534 loco
307 3472 434 3535 dictum
452 3472 504 3536 sit
549 3469 720 3554 apostolus
739 3470 828 3534 enim
847 3489 915 3534 non
933 3469 1094 3532 interimit
1112 3468 1294 3544 historiam,
1314 3487 1422 3550 neque

219 3701 223 3712 ,
264 3647 575 3712 4idestlforadestlH
638 3645 915 3712 11,1npar.prol1.C
978 3658 1005 3709 15
1024 3653 1049 3698 et
1062 3647 1253 3712 (qstsiclomC
1307 3647 1422 3711 uuide-

215 3739 271 3794 αλια
284 3731 306 3790 C
320 3731 351 3780 H
381 3729 432 3780 uid.
445 3745 537 3794 sumps.
550 3729 600 3779 uid.
616 3730 650 3779 H

249 3908 289 3960 26.
317 3910 526 3974 perallegoriam]
542 3910 580 3960 Dr
592 3911 660 3960 Hort
673 3910 797 3974 (Journal
844 3913 965 3972 νοούμενα·
990 3913 1017 3961 orl
1041 3911 1100 3976 γὰρ
1120 3906 1173 3971 mlv
1192 3909 1324 3972 loroplar
1347 3907 1423 3960 duel·

216 3992 646 4058 osPiu'lology,1v.No.nii.§7):
667 3991 794 4042 “sortasse
844 3997 904 4045 λεν.
939 3992 1423 4056 ἀλλὰτάἐντῇἰατορίρπροτυ·

216 4075 371 4124 addendum:
393 4075 455 4124 haec
472 4075 539 4124 dicta
561 4083 626 4132 sunt,
644 4075 728 4124 omnia
750 4090 795 4139 per
845 4074 981 4124 αοθέντα
998 4075 1139 4123 διδάσκει.
1177 4073 1216 4122 Cf.
1233 4072 1334 4136 Chrys:
1350 4089 1424 4121 κατα·

216 4155 386 4221 αΙΙεεοοίαω.”
431 4158 480 4206 But
503 4158 545 4207 the
568 4159 646 4209 MSS·
669 4157 737 4207 shew
760 4173 795 4207 no
845 4159 980 4218 χρηστικῶς
994 4159 1043 4206 τὸν
1056 4159 1146 4205 τύπον
1160 4158 1343 4219 ἀλληγορίον
1359 4159 1424 4208 trd-

217 4249 296 4288 traces
314 4238 344 4287 ol
358 4253 389 4287 an
410 4238 536 4298 omission,
555 4240 606 4288 and
622 4239 665 4289 the
684 4255 755 4288 sense
774 4239 794 4288 is
845 4241 942 4288 λεσεν·
966 4240 979 4288 d
1001 4241 1027 4288 δὲ
1049 4241 1125 4300 λέγει,
1149 4237 1219 4286 τοῦτο
1241 4239 1318 4287 ἐστιν·
1342 4237 1359 4296 ἡ
1379 4241 1425 4298 μὲν

216 4319 341 4384 complete
355 4335 383 4368 as
398 4319 440 4369 the
452 4320 533 4368 words
544 4320 616 4368 stand
628 4337 636 4378 ρ
652 4336 677 4369 eo
692 4317 792 4385 quod...
846 4323 939 4383 irrupta
960 4322 1022 4382 αὕτη
1044 4323 1071 4370 οὐ
1092 4322 1164 4370 τοῦτο
1191 4320 1262 4380 μόνον
1289 4323 1427 4382 παραδηλοῖ

216 4402 337 4452 tutamur
346 4399 459 4465 explains
469 4401 544 4466 picari
551 4402 602 4464 qui,
617 4401 663 4458 dre.
845 4401 905 4464 deep
916 4402 1035 4462 patuerat,
1047 4401 1113 4448 ἀλλὰ
1125 4402 1164 4448 καὶ
1179 4402 1244 4448 ἄλλα
1259 4402 1312 4447 τινὰ
1329 4399 1423 4460 ἀπαγο-

250 4481 289 4532 α8.
314 4489 385 4544 ape.
398 4480 728 4541 nonrmm'mithirton'om]
759 4479 794 4530 So
844 4485 915 4543 ρεύει,
949 4482 1096 4532 Severianus
1115 4484 1165 4544 (up.
1185 4481 1227 4530 Cr.
1247 4479 1277 4530 vi.
1298 4496 1323 4544 p.
1344 4481 1384 4546 ρο)
1403 4481 1424 4532 is

217 4563 305 4614 Tude:
318 4561 524 4624 ἀλληγορούμενα·
542 4560 595 4612 ἀντὶ
607 4561 649 4613 τοῦ
659 4565 699 4614 καὶ
710 4563 795 4628 ἑτέρως
845 4579 907 4615 even
919 4581 988 4616 more
999 4564 1118 4629 explicit:
1135 4566 1174 4613 νῦν
1188 4565 1223 4626 τῷ
1240 4565 1339 4623 ὀνόματι
1356 4579 1424 4612 κατε·
