3340 5232
277 377 336 457 138
604 389 833 442 rnuououus
857 388 1149 441 uorsuasrsuus
1298 375 1339 460 [1.
1357 393 1408 453 20,
1426 392 1477 440 21.

338 565 423 629 bene
443 563 630 647 'explanatis
653 564 918 648 magnitudinem
942 563 1073 626 illorum
1098 584 1184 646 quae
1207 584 1287 647 erga
1307 583 1368 628 nos
1391 562 1482 626 sacta

274 671 359 741 sunt,
376 663 432 729 illa
455 676 659 730 memoratus
681 677 733 730 est
754 687 841 748 quae
861 666 1042 729 secundum
1068 664 1236 729 Christum
1257 675 1355 742 sunt;
1377 685 1398 728 a
1412 683 1480 748 quo

274 770 384 832 omnis
405 789 484 852 erga
504 790 565 833 nos
588 769 767 834 liberalitas
798 770 998 851 principium
1024 769 1204 851 sumpsisse
1234 769 1372 832 uidetur.
1415 766 1480 830 hoc

275 893 355 955 ergo
377 874 466 951 dicit,
488 874 646 956 quoniam
663 879 739 935 ‘oro
754 883 792 938 ut
812 873 1021 954 cognoscatis
1040 871 1097 935 illa
1113 893 1201 955 quae
1215 892 1294 954 erga
1312 892 1374 934 nos
1391 870 1481 934 sacta

244 985 373 1052 ssunt;
396 995 496 1057 quam
524 995 681 1057 magnam
704 973 830 1038 habent
852 975 1077 1038 ostensionem
1099 974 1239 1050 uirtutis,
1263 983 1297 1038 et
1319 972 1481 1055 quemad-

275 1075 412 1137 modum
437 1077 610 1140 suscitauit
641 1075 810 1142 Christum
835 1095 880 1138 ex
910 1073 1066 1140 mortuis!
1110 1076 1232 1139 deinde
1262 1072 1364 1139 adicit
1388 1073 1480 1157 quod

275 1176 382 1240 maius
398 1187 471 1242 est:

339 1373 371 1426 et
391 1362 497 1426 sedere
513 1361 599 1443 fecit
619 1354 655 1425 in
673 1361 836 1426 dexteram
855 1381 950 1424 suam
973 1359 1009 1423 in
1030 1359 1221 1436 caelestibus,
1242 1371 1338 1442 snper
1357 1378 1481 1422 omnem

268 1461 490 1548 principatum
515 1475 547 1528 et
567 1473 754 1547 potestatem
777 1473 809 1527 et
833 1463 988 1526 uirtutem
1011 1471 1043 1524 et
1063 1461 1313 1525 dominationem
1338 1470 1370 1524 et
1391 1480 1482 1523 omne

225 1586 263 1634 10
276 1586 388 1629 nomen
402 1565 489 1647 qrcod
500 1567 690 1630 nominatur
704 1586 766 1628 non
780 1565 883 1628 solnm
900 1565 936 1627 in
951 1564 1072 1627 saeculo
1086 1563 1148 1639 lunc,
1162 1563 1221 1626 sed
1231 1574 1263 1627 et
1276 1563 1312 1626 in
1318 1563 1449 1644 futuro.

341 1729 419 1772 nam
450 1710 539 1792 quod
570 1710 659 1788 dicit,
689 1710 794 1772 sedere
814 1708 899 1790 secit
926 1707 962 1771 in
992 1707 1156 1771 dexteram
1188 1729 1293 1786 snam,
1324 1703 1389 1770 hoc
1422 1715 1482 1782 est,

277 1814 490 1896 ‘participem
519 1812 613 1876 illum
649 1811 785 1877 honoris
821 1809 966 1894 accepit’
1004 1813 1047 1876 de
1085 1822 1239 1894 suscepto
1275 1811 1411 1875 homine
1448 1811 1482 1874 id

276 1919 412 1996 dicens;
444 1937 484 1980 eo
510 1919 600 1999 quod
630 1928 766 2000 propter
795 1917 1037 1980 inhabitantem
1068 1917 1103 1979 in
1133 1936 1208 1980 eum
1225 1926 1387 2001 ¹naturam
1419 1915 1483 1978 Dei

222 2061 225 2070 ·
276 2022 379 2086 Verbi
411 2021 455 2085 ab
481 2020 635 2085 omnibus
661 2020 763 2086 habet
789 2019 927 2085 adorari.
972 2020 1062 2085 unde
1092 2021 1217 2085 adicit:
1252 2032 1347 2104 snper
1369 2041 1484 2085 omnes.

226 2143 261 2211 15
277 2124 366 2206 quod
390 2123 491 2186 etiam
513 2133 552 2187 et
577 2123 685 2185 maius
711 2124 885 2186 ostendere
907 2121 1031 2200 uolens,
1056 2123 1177 2186 adicit:
1207 2132 1238 2187 et
1258 2143 1350 2186 omne
1372 2141 1485 2186 mmen

186 2209 190 2216 ¹
277 2225 363 2308 qnod
380 2224 570 2288 nominatur
583 2223 660 2306 [non
674 2223 791 2308 solum]
809 2225 845 2287 in
864 2226 986 2288 saeculo
1005 2225 1060 2288 lunc
1078 2225 1183 2288 sedet
1204 2224 1239 2288 in
1253 2224 1398 2306 suturo‚·
1420 2222 1486 2286 hoc

278 2336 337 2403 est,
364 2327 456 2389 ‘siue
485 2325 610 2414 aliquid
641 2328 824 2390 secundum
854 2336 1064 2409 praesentem
1095 2328 1200 2390 uitam
1230 2326 1422 2389 nominatur
1451 2335 1487 2388 et

279 2428 490 2509 cognoscitur
515 2449 587 2491 esse
608 2448 768 2511 magnum
793 2430 882 2512 apud
906 2448 976 2505 nos,
1003 2428 1075 2491 siue
1097 2428 1130 2491 in
1155 2427 1265 2491 futuro
1286 2447 1487 2509 cognoscere

279 2527 463 2610 poterimus
485 2531 574 2612 quod
596 2549 684 2593 nunc
706 2529 843 2593 forsitan
865 2531 1038 2606 nescimus,
1060 2530 1209 2592 omnium
1234 2528 1365 2592 illorum
1388 2549 1485 2612 supe-

226 2648 268 2696 20
281 2633 399 2696 riorem
419 2630 511 2696 illum
527 2629 622 2699 fecit’
666 2635 755 2697 unde
770 2632 853 2696 illud
869 2643 903 2697 et
918 2631 1119 2697 confirmans
1134 2633 1258 2697 adicit:

331 2865 346 2913 3
364 2863 450 2920 omnes
463 2848 502 2900 C*
616 2869 631 2914 4
648 2850 708 2915 quin
719 2851 728 2912 (
729 2850 777 2916 for
787 2846 914 2915 quoniam)
926 2849 961 2898 H
1069 2860 1083 2908 5
1102 2863 1132 2896 eo
1145 2846 1245 2911 (soret)
1258 2847 1292 2895 H
1404 2861 1432 2911 ¹3
1456 2862 1487 2896 eo

281 2927 338 2995 (sor
347 2931 414 2994 eum)
430 2932 537 2995 Cicerr)
638 2950 667 2996 ¹4
684 2933 825 2983 hominibus
837 2930 893 2996 (sor
902 2928 1027 2996 omnibus)
1039 2931 1071 2980 H
1144 2929 1173 2980 16
1190 2945 1241 2979 non
1252 2928 1333 2980 solum
1343 2945 1382 2980 om
1397 2930 1458 2979 CH
1468 2929 1474 2995 Ι

281 3015 325 3065 sed
335 3030 374 3065 om
385 3015 419 3064 H

317 3189 355 3225 11.
388 3175 530 3236 naneqnod
543 3173 607 3234 dnn,
629 3173 687 3235 dtu]
719 3150 858 3224 Idnirnnc:
912 3173 993 3234 1018),
1015 3172 1099 3222 where
1122 3171 1189 3236 Eph.
1213 3169 1231 3221 i.
1250 3185 1280 3222 21
1305 3169 1326 3222 is
1348 3169 1414 3222 cited
1436 3173 1487 3223 end

223 3302 225 3308 .
284 3257 429 3306 “Ambros.
449 3255 610 3314 Comtituens,
630 3255 678 3305 hoc
694 3263 739 3316 est,
759 3255 858 3320 partici-
908 3254 1028 3319 similarly
1039 3253 1150 3320 applied.

282 3354 340 3403 pem
358 3337 430 3386 illum
446 3332 548 3386 honoris
566 3337 677 3402 accepim
695 3335 727 3387 de
745 3347 859 3402 suscepto
944 3351 982 3402 ¹7·
1016 3338 1068 3386 siue
1087 3337 1290 3401 aliquid...illnm
1304 3335 1379 3400 fecit]
1413 3336 1488 3388 Cited

282 3417 384 3467 homine
401 3418 428 3466 id
446 3417 539 3478 dicens,
558 3425 660 3482 propter
678 3418 858 3469 inhabitantem
908 3417 944 3483 by
960 3418 1085 3468 lanfranc
1102 3419 1153 3467 and
1172 3417 1267 3468 Robert
1284 3417 1314 3468 ot*
1329 3418 1375 3478 B.;
1399 3419 1445 3468 but
1461 3420 1488 3468 in

282 3514 381 3548 mecum
400 3495 455 3562 [“f.
475 3497 586 3558 secum‚”
604 3500 656 3557 erl-3
676 3499 765 3560 better,
786 3515 813 3549 as
833 3502 859 3550 in
910 3499 952 3548 the
963 3499 1062 3564 printed
1073 3506 1125 3549 text
1135 3499 1165 3549 os
1173 3499 1215 3548 the
1226 3498 1318 3548 former
1327 3499 1395 3564 qnod
1402 3500 1489 3549 stands

283 3589 328 3631 our
345 3587 405 3637 text,
423 3579 451 3628 in
466 3579 532 3640 eum]
554 3587 668 3631 naturam
687 3581 766 3632 Verbi
784 3579 859 3632 Dei.'’
910 3582 948 3631 ior
967 3582 1037 3648 apud
1051 3583 1102 3631 and
1120 3582 1173 3630 sine
1192 3581 1239 3642 (σο)
1257 3580 1279 3630 is
1298 3579 1412 3630 omitted.
1446 3581 1489 3631 Cf.

284 3663 380 3712 Robert
391 3661 420 3710 oi
429 3663 467 3721 B„
478 3662 536 3710 who
547 3679 581 3711 on
593 3662 642 3712 this
653 3664 768 3713 occasion
779 3679 859 3713 seems
910 3665 1000 3715 'I'hdt.:
1012 3666 1052 3714 nel
1061 3666 1083 3713 et
1089 3665 1253 3713 enarrativum
1261 3663 1306 3725 [sc.
1314 3662 1363 3711 τῶν
1370 3662 1490 3726 ἀοράτων]

283 3749 310 3791 to
326 3740 391 3790 have
406 3740 458 3788 had
473 3755 556 3790 necess
573 3746 600 3790 to
616 3740 658 3790 the
675 3757 765 3792 comm.
785 3742 859 3798 itsels.
911 3747 1044 3810 ἀγνοοῦμεν
1054 3743 1118 3806 μετά
1133 3747 1159 3795 tt
1174 3743 1252 3795 ταῦτα
1262 3742 1406 3807 γνωσόμεθα
1418 3745 1444 3794 ἐν
1453 3746 1490 3807 τῷ

283 3837 312 3872 or
323 3828 348 3872 st
359 3821 421 3870 least
433 3821 477 3869 has
492 3827 535 3869 not
549 3820 635 3869 drawn
647 3822 706 3884 only
717 3820 781 3871 from
793 3823 860 3871 Lan·
909 3831 1024 3889 μελλογη
1046 3829 1101 3891 βιῳ,
1125 3828 1165 3876 καὶ
1190 3825 1254 3876 οὖτα
1271 3827 1360 3877 φης
1382 3825 1489 3876 tram.

283 3904 352 3953 franc
368 3917 395 3952 as
412 3902 511 3952 editedt
533 3902 617 3952 “Am·
636 3902 720 3964 Stdert
734 3919 789 3952 eum
798 3903 862 3965 fecit
910 3927 958 3959 ται.
993 3910 1033 3960 Το
1055 3909 1098 3960 the
1114 3923 1183 3959 same
1199 3907 1271 3958 effect
1291 3907 1439 3958 Seuerianus
1456 3907 1489 3969 [t]

283 3984 316 4034 ad
333 3984 461 4034 dexteram
475 3997 561 4040 suam?
584 3982 632 4032 1¹0⁰
650 3991 694 4044 est,
714 3985 860 4048 participem
912 3991 1033 4051 (Cramer,
1050 3989 1083 4039 vi.
1105 3991 1173 4050 1²8):
1191 3985 1275 4048 ἐπειδὴ
1293 3989 1319 4036 tt
1337 3989 1404 4037 ἔστιν
1416 3988 1490 4050 μυρία

283 4065 354 4114 illum
369 4062 470 4112 honoris
481 4063 595 4127 accepit;
611 4063 643 4111 de
653 4073 770 4128 suscepto
780 4065 860 4114 homi·
910 4071 1029 4131 τσγμσσσ
1045 4070 1154 4132 ἀοράτων
1168 4070 1289 4127 δυνάμεων
1303 4068 1359 4128 ἡμῖν
1374 4069 1490 4128 ἄγνωστα

283 4161 316 4196 ne
327 4145 353 4194 id
364 4144 432 4204 dicit,
446 4159 477 4194 eo
488 4145 555 4208 quod
568 4152 669 4208 propter
679 4145 860 4197 inhabitantem
912 4152 952 4198 ret
967 4151 1007 4198 det
1024 4151 1096 4198 τοῦτο
1112 4149 1307 4208 deuteronom,
1322 4149 1385 4208 μετὰ
1403 4149 1429 4196 u
1445 4149 1491 4208 τὴν

284 4227 311 4275 in
331 4240 362 4274 eo
381 4233 495 4274 naturam
523 4223 601 4274 Verbi
619 4223 668 4274 Dei
690 4226 723 4275 ab
744 4227 860 4277 omnibus
911 4231 1045 4282 ἀνάστασιν
1058 4233 1130 4280 ἔσται
1142 4226 1294 4292 enutriret
1306 4231 1414 4292 λήψσσσι
1427 4232 1490 4288 μετὰ

284 4305 495 4358 ὴαῑκῐιᾱοηῐί.”
528 4307 569 4357 On
582 4307 806 4358 theodoretionoi
819 4309 861 4359 the
911 4313 954 4370 τῆν
971 4313 1081 4374 γνώσεως
1098 4311 1139 4361 rui
1161 4307 1208 4370 τὴν
1230 4309 1286 4372 παρ’
1311 4309 1378 4370 ἡμῶν
1399 4325 1490 4372 προση-

285 4391 355 4440 homo
372 4405 442 4450 nnn,
460 4403 502 4438 see
521 4404 545 4452 p.
564 4399 602 4450 57,
623 4386 639 4438 l.
663 4403 701 4449 rt,
719 4397 793 4439 note:
810 4391 859 4440 and
910 4393 1007 4455 γσρίσν,
1025 4393 1063 4442 διὰ
1079 4393 1151 4442 τοῦτο
1168 4391 1235 4440 εἶπεν
1254 4389 1302 4441 eui
1318 4392 1349 4440 ir
1365 4376 1405 4454 σῷ
1420 4393 1491 4450 μὲλ-

285 4465 316 4518 ci.
348 4470 390 4518 the
422 4467 586 4518 Theodorean
615 4467 721 4519 ecthesis
752 4470 858 4534 (Migne,
911 4475 1008 4523 λσνσι.
