3292 5206
254 426 325 510 v278
596 435 824 488 Tnnononus
847 433 1139 486 noesunsnauus
1289 491 1291 494 ,
1362 418 1404 503 [1.
1419 433 1469 498 23.

253 623 322 691 est,
342 608 563 694 ad'specia'lia
583 610 710 686 transit,
733 608 767 672 id
787 617 847 685 est,
866 607 909 673 ad
930 628 1115 691 personam·
1129 605 1386 682 Colossensium‚
1406 605 1470 670 hoc

262 717 385 790 dicens
408 713 567 795 quoniam
596 713 694 779 ‘talia
717 713 859 794 'quidem
889 719 968 776 'sunt
998 711 1054 774 illa
1081 731 1168 792 quae
1193 731 1272 792 erga
1300 709 1469 774 Christum

261 817 351 884 sacta
368 825 464 893 sunt;
488 825 611 896 magna
626 816 728 880 etiam
749 815 841 878 bona'
860 824 894 878 et
914 835 975 879 uos
995 815 1093 896 potiti
1114 814 1200 876 estis
1234 811 1360 875 alienos
1380 811 1470 874 enim

262 939 323 982 uos
352 926 509 981 extantes
538 937 559 978 a
589 917 664 979 Deo
694 925 728 980 et
757 917 791 980 in
822 927 917 1000 parte
947 916 1155 980 inimicorum
1182 913 1227 977 illi
1257 914 1469 991 constitutos,

203 1052 216 1094 .··
230 1030 246 1096 5
262 1022 307 1086 ob
330 1020 421 1084 illam
447 1038 549 1102 quam
575 1039 653 1102 erga
679 1021 878 1102 prauitatem
902 1005 1077 1085 habebatis
1105 1019 1324 1102 diligentiam,
1355 1039 1470 1082 recon-
1511 1041 1516 1050 ’

262 1123 388 1188 ciliauit
417 1141 478 1186 uos
501 1123 576 1185 Deo
601 1143 660 1204 per
684 1142 778 1212 suam
811 1133 963 1202 mortem,
990 1123 1140 1187 auferens
1166 1123 1301 1205 quidem
1328 1143 1349 1186 a
1373 1123 1471 1186 uobis

264 1225 512 1304 mortalitatem,
535 1225 810 1298 inmortalitatem
831 1247 911 1290 uero
937 1226 1033 1289 uobis
1056 1227 1185 1290 donans
1197 1243 1205 1302 ;
1237 1227 1271 1288 in
1295 1245 1362 1307 qua
1383 1223 1470 1287 ultra

263 1329 437 1402 constituti
467 1329 511 1391 ab
540 1329 631 1392 omni
658 1331 738 1392 estis
763 1337 901 1410 peccato
928 1329 1032 1392 securi
1058 1326 1174 1400 effecti,
1201 1335 1236 1390 et
1261 1325 1343 1389 nihil
1372 1345 1471 1408 agere

264 1431 404 1513 potestis
418 1449 463 1492 ex
478 1429 542 1502 illis
556 1451 642 1512 quae
657 1451 723 1493 non
735 1431 948 1494 conueniunt.
994 1431 1195 1512 permanetis
1213 1438 1326 1492 autem
1342 1427 1469 1491 nullam

214 1553 253 1600 10
265 1536 465 1600 sustinentes
484 1535 734 1607 incusationem,
750 1535 807 1598 sed
829 1534 1011 1598 secundum
1027 1553 1160 1597 omnem
1182 1533 1470 1615 scrupulositatem

265 1639 312 1702 illi
337 1638 458 1722 placite
478 1638 739 1710 conuersamini.’
783 1636 848 1700 hoc
870 1636 1014 1700 enimin
1037 1636 1192 1699 omnibus
1211 1635 1361 1718 epistolis
1376 1643 1472 1698 nota-

224 1785 227 1791 ·
264 1741 382 1816 uimuS,
403 1740 561 1822 quoniam
582 1739 762 1805 defuturis
785 1738 956 1822 apostolus
979 1741 1243 1820 magnitudinem
1267 1739 1397 1802 illonrm
1418 1758 1471 1800 os-

265 1842 374 1906 tendit
396 1861 482 1924 quae
504 1863 581 1925 erga
606 1863 666 1905 nos
686 1864 707 1905 a
728 1841 860 1906 Christo
883 1840 971 1907 sacta
994 1850 1090 1920 sunt;
1121 1851 1154 1905 et
1177 1842 1336 1924 quoniam
1362 1840 1472 1905 omnis

264 1933 335 2007 eius
357 1946 516 2008 correctio
540 1945 573 2008 in
596 1945 870 2028 promissionibus
892 1945 1001 2027 posita
1024 1954 1083 2022 est,
1107 1965 1193 2028 quae
1218 1955 1269 2008 est
1298 1945 1472 2009 renouatio

212 2060 249 2126 15
265 2048 375 2112 futura
399 2049 431 2110 in
455 2048 566 2111 futuro
584 2048 725 2124 saeculo
742 2049 886 2130 idipsum
902 2057 936 2112 et
957 2047 1111 2131 Ephesiis
1131 2051 1329 2136 scribentem
1345 2049 1473 2112 dixisse

264 2153 479 2221 ostendimus.
524 2161 558 2214 et
580 2153 738 2234 quoniam
761 2151 913 2215 transiuit
936 2151 1073 2215 ulterius
1099 2153 1142 2214 ad
1166 2173 1260 2216 suam
1284 2171 1473 2235 personam,

261 2241 443 2334 ¹designans
469 2254 559 2334 quod
583 2255 671 2315 suasi
698 2252 836 2316 fuissent
862 2254 906 2316 ab
932 2254 997 2318 illis
1023 2257 1080 2340 qui
1107 2257 1294 2318 suadebant
1319 2255 1367 2318 eis
1396 2253 1474 2318 dili-

263 2357 413 2450 gentiam
429 2353 585 2418 adhibere
601 2375 698 2438 super
712 2357 898 2419 custodiam
914 2356 1015 2439 legis:

328 2529 361 2593 si
383 2539 489 2594 tamen
499 2530 698 2612 permanetis
716 2531 751 2595 in
763 2533 834 2616 fide
843 2535 989 2616 fundati
1005 2544 1037 2600 et
1054 2535 1184 2600 stabiles
1197 2545 1229 2600 et
1249 2557 1316 2600 non
1326 2531 1477 2599 commoti

210 2654 286 2704 zoa
299 2643 352 2715 spe
365 2632 627 2716 euangelit‘quod
636 2633 788 2713 atcai'stis,
805 2645 839 2699 et
854 2637 989 2720 reliqua.
1078 2631 1083 2638 ’

329 2781 363 2835 et
393 2773 478 2835 sicut
507 2771 540 2834 in
572 2770 635 2834 illis
662 2771 696 2835 in
722 2773 842 2856 quibus
867 2771 1005 2836 firmiter
1030 2794 1088 2836 eos
1113 2773 1247 2837 credere
1268 2771 1474 2848 hortabatur,

263 2874 387 2956 gratias
403 2894 506 2958 agens
522 2894 581 2956 pro
598 2874 662 2937 illis
673 2885 954 2938 commemoratus
972 2885 1023 2938 est
1042 2877 1199 2958 quoniam
1216 2883 1249 2937 et
1265 2893 1476 2956 peromnem

264 2977 378 3041 orbem
403 2978 565 3060 euangelii
589 2977 695 3060 gloria
715 2979 783 3040 uim
808 2997 902 3040 suam
927 2979 1095 3054 uindicat;
1127 2979 1172 3040 sic
1197 2987 1231 3040 et
1254 2977 1318 3040 hoc
1342 2978 1376 3040 in
1398 2976 1474 3039 loco

264 3079 443 3160 designans
469 3081 563 3162 quasi
588 3081 666 3162 quia
690 3077 817 3166 seducti
843 3078 974 3142 fuerant
998 3080 1043 3144 ab
1068 3078 1123 3142 illa
1143 3078 1258 3162 gloria,
1275 3099 1361 3161 quae
1383 3079 1474 3160 apud

209 3196 249 3263 25
266 3201 382 3244 omnes
408 3181 502 3246 firma
529 3203 601 3246 esse
623 3183 763 3246 uidetur.
805 3171 896 3263 quod
919 3192 953 3246 et
976 3193 1187 3258 memoratur,
1213 3192 1250 3245 ut
1280 3183 1386 3247 maius
1417 3203 1476 3246 eos

266 3283 456 3370 erubescere
480 3283 600 3349 faciat:

316 3473 330 3508 a
347 3467 372 3509 et
385 3459 518 3523 [fhrsuutl
533 3459 639 3524 Clcorr)
750 3475 765 3524 3
782 3467 839 3512 sunt
851 3461 915 3512 sacta
927 3477 944 3510 r
1057 3479 1073 3524 4
1089 3461 1143 3514 illic
1156 3461 1217 3511 CH
1218 3477 1249 3510 r:
1266 3461 1377 3526 txtconj.
1388 3459 1479 3525 Jacobi

269 3556 297 3605 15
316 3541 434 3592 Etesisc
506 3554 534 3606 17
552 3551 634 3594 essent
645 3545 679 3594 H
748 3559 777 3608 19
794 3543 962 3609 permanentis
976 3543 1011 3593 C*
1087 3559 1116 3594 ιι
1135 3545 1216 3610 inquit
1228 3543 1286 3610 (sor
1296 3545 1322 3593 in
1332 3543 1433 3608 quibus)
1447 3543 1481 3592 H

268 3641 300 3684 ‘14
316 3625 430 3689 designat
444 3625 550 3687 Clcorr)
564 3624 568 3689 Ι
584 3626 678 3676 reducti
689 3628 723 3676 H
732 3623 736 3692 Ι
751 3625 841 3677 suerint
853 3641 870 3676 r

304 3799 326 3831 1.
361 3783 398 3831 ad
417 3782 530 3846 specialia
556 3783 658 3844 transit]
691 3783 787 3834 Thdt.:
815 3783 847 3834 τὰ
933 3794 971 3846 17.
999 3777 1148 3849 qnod'suasi
1156 3783 1278 3849 fuissent]
1311 3783 1352 3836 Cf.
1365 3781 1478 3841 R'tinsch,

269 3862 337 3926 κοινῇ
360 3867 435 3913 πᾶσιν
459 3866 648 3928 παρασχεθέντιι
675 3865 848 3929 διηγησάμενος
896 3867 971 3926 Itala,
986 3883 1011 3932 p.
1025 3884 1081 3930 441.

268 3945 351 4010 ἀγαθὰ
361 3949 419 4010 πρὸς
430 3949 515 3997 αὐτούς
524 3949 656 4009 μεταφέρει
667 3950 709 3996 τὸν
721 3949 804 4010 λόγον.
933 3962 971 4014 19.
1000 3955 1024 3998 et
1044 3963 1095 3998 mm
1116 3949 1238 4010 commoti]
1277 3949 1318 3998 rat
1345 3951 1379 4010 μὴ
1405 3965 1480 4007 μετα-

304 4043 342 4076 11.
366 4027 408 4076 illi
411 4027 511 4091 placite]
529 4026 568 4076 Cf.
576 4035 685 4078 consuete
692 4029 739 4078 sibi
747 4028 782 4093 (p.
791 4042 847 4092 275,
899 4036 1039 4090 κινούμενοι.
1057 4031 1090 4081 Ο.
1100 4031 1129 4080 L.
1142 4031 1193 4080 and
1205 4031 1288 4096 vng,
1304 4030 1480 4080 ‘immobiles'

269 4112 287 4160 1.
301 4111 335 4176 2).
898 4113 937 4162 Et
953 4112 1063 4176 reliqua:
1084 4111 1270 4176 asuperiluous
1287 4111 1363 4175 gloss,
1381 4111 1419 4160 sor
1436 4109 1480 4160 the

303 4194 332 4242 in
359 4193 474 4242 omnibus
498 4192 600 4257 epistolis
620 4192 772 4254 notauimus]
801 4193 849 4244 See
899 4200 951 4242 text
967 4193 988 4242 is
1005 4193 1082 4243 taken
1093 4209 1128 4257 up
1139 4193 1244 4244 without
1253 4199 1270 4242 'a
1280 4193 1367 4251 break,
1380 4209 1406 4258 p·
1420 4207 1477 4259 279,

270 4272 342 4323 Th.¹s
357 4289 449 4323 comm.
465 4289 498 4324 on
512 4273 569 4324 Gal.
585 4273 620 4322 iii.
634 4289 682 4339 ‘²33
700 4275 766 4340 Eph.
779 4275 796 4324 i.
812 4295 846 4338 4.,
900 4276 918 4324 l.
934 4291 953 4325 1.

270 4359 295 4408 ii.
312 4367 334 4420 7.
932 4375 972 4409 nr.
1003 4359 1066 4408 sicut
1079 4360 1107 4408 ιἰι
1123 4359 1175 4409 illis
1190 4358 1219 4408 in
1235 4358 1332 4423 quibus,
1349 4357 1407 4420 ae]
1425 4359 1478 4420 im,

307 4452 342 4499 ¹3·
371 4437 451 4486 onnu's
464 4437 517 4486 eius
530 4438 649 4496 correctio,
664 4437 722 4500 dte]
749 4435 850 4500 πᾶσαὴ
900 4459 922 4492 c.
943 4443 960 4491 i.
982 4439 1059 4504 3-63
1081 4456 1165 4505 comp.
1188 4439 1321 4504 especially
1339 4456 1363 4489 v.
1383 4439 1398 4490 6
1417 4440 1481 4491 with

271 4521 415 4580 κατόρθωσιι
426 4516 499 4568 αὑτοῦ
509 4520 535 4568 ἐν
545 4521 704 4582 ἐπαγγελίαις
715 4523 800 4570 κεῖται.
899 4542 923 4574 v.
937 4539 949 4573 a
954 4541 976 4588 3.
