<?xml version="1.0" encoding="UTF-8"?>
<!DOCTYPE html PUBLIC "-//W3C//DTD XHTML 1.0 Transitional//EN"
    "http://www.w3.org/TR/xhtml1/DTD/xhtml1-transitional.dtd">
<html xmlns="http://www.w3.org/1999/xhtml" xml:lang="en" lang="en">
 <head>
  <title>
</title>
<meta http-equiv="Content-Type" content="text/html;charset=utf-8" />
  <meta name='ocr-system' content='tesseract 3.04.00' />
  <meta name='ocr-capabilities' content='ocr_page ocr_carea ocr_par ocr_line ocrx_word'/>
</head>
<body>
  <div class='ocr_page' id='page_1' title='image "./theodoriepiscop01theogoog_0327.png"; bbox 0 0 3292 5206; ppageno 0'>
   <div class='ocr_carea' id='block_1_1' title="bbox 305 387 1513 474">
    <p class='ocr_par' dir='ltr' id='par_1_1' title="bbox 305 387 1513 474">
     <span class='ocr_line' id='line_1_1' title="bbox 305 387 1513 474; baseline -0.002 -22"><span class='ocrx_word' id='word_1_1' title='bbox 305 391 370 454; x_wconf 87' lang='lat'>228</span> <span class='ocrx_word' id='word_1_2' title='bbox 646 401 874 454; x_wconf 68' lang='lat' dir='ltr'>euronotus</span> <span class='ocrx_word' id='word_1_3' title='bbox 897 398 1190 455; x_wconf 71' lang='lat' dir='ltr'>mopsuestenus</span> <span class='ocrx_word' id='word_1_4' title='bbox 1295 387 1356 474; x_wconf 89' lang='lat'>[11.</span> <span class='ocrx_word' id='word_1_5' title='bbox 1373 401 1513 468; x_wconf 86' lang='lat'><strong><em>22-27.</em></strong></span> 
     </span>
    </p>
   </div>
   <div class='ocr_carea' id='block_1_2' title="bbox 307 575 1516 864">
    <p class='ocr_par' dir='ltr' id='par_1_2' title="bbox 307 575 1516 864">
     <span class='ocr_line' id='line_1_2' title="bbox 307 575 1514 660; baseline -0.002 -21"><span class='ocrx_word' id='word_1_6' title='bbox 307 576 396 639; x_wconf 91' lang='lat' dir='ltr'>enim</span> <span class='ocrx_word' id='word_1_7' title='bbox 423 577 466 640; x_wconf 89' lang='lat' dir='ltr'>de</span> <span class='ocrx_word' id='word_1_8' title='bbox 490 576 633 660; x_wconf 81' lang='lat' dir='ltr'>illisqui</span> <span class='ocrx_word' id='word_1_9' title='bbox 658 599 703 642; x_wconf 87' lang='lat' dir='ltr'>ex</span> <span class='ocrx_word' id='word_1_10' title='bbox 726 579 974 643; x_wconf 83' lang='lat' dir='ltr'>circumcisione</span> <span class='ocrx_word' id='word_1_11' title='bbox 997 588 1082 644; x_wconf 89' lang='lat' dir='ltr'>sunt.</span> <span class='ocrx_word' id='word_1_12' title='bbox 1101 575 1105 580; x_wconf 70' lang='grc'>’</span> <span class='ocrx_word' id='word_1_13' title='bbox 1129 587 1164 644; x_wconf 89' lang='lat' dir='ltr'>et</span> <span class='ocrx_word' id='word_1_14' title='bbox 1183 575 1359 644; x_wconf 86' lang='lat' dir='ltr'>ostendere</span> <span class='ocrx_word' id='word_1_15' title='bbox 1378 575 1514 659; x_wconf 91' lang='lat' dir='ltr'>cupiens</span> 
     </span>
     <span class='ocr_line' id='line_1_3' title="bbox 308 673 1516 764; baseline -0.002 -24"><span class='ocrx_word' id='word_1_16' title='bbox 308 678 466 759; x_wconf 89' lang='lat' dir='ltr'>quoniam</span> <span class='ocrx_word' id='word_1_17' title='bbox 493 680 556 742; x_wconf 84' lang='lat' dir='ltr'>ista</span> <span class='ocrx_word' id='word_1_18' title='bbox 582 700 648 742; x_wconf 91' lang='lat' dir='ltr'>non</span> <span class='ocrx_word' id='word_1_19' title='bbox 680 681 711 742; x_wconf 90' lang='lat' dir='ltr'>in</span> <span class='ocrx_word' id='word_1_20' title='bbox 743 681 887 761; x_wconf 84' lang='lat' dir='ltr'>gratiam</span> <span class='ocrx_word' id='word_1_21' title='bbox 917 680 1086 744; x_wconf 89' lang='lat' dir='ltr'>Timothei</span> <span class='ocrx_word' id='word_1_22' title='bbox 1117 682 1208 756; x_wconf 89' lang='lat' dir='ltr'>dicit,</span> <span class='ocrx_word' id='word_1_23' title='bbox 1234 681 1381 764; x_wconf 92' lang='lat' dir='ltr'>ipsorum</span> <span class='ocrx_word' id='word_1_24' title='bbox 1412 673 1516 741; x_wconf 85' lang='lat' dir='ltr'>utitu&#39;r</span> 
     </span>
     <span class='ocr_line' id='line_1_4' title="bbox 308 779 1178 864; baseline 0.005 -22"><span class='ocrx_word' id='word_1_25' title='bbox 308 779 546 856; x_wconf 89' lang='lat' dir='ltr'>testimonium,</span> <span class='ocrx_word' id='word_1_26' title='bbox 569 789 686 864; x_wconf 87' lang='lat' dir='ltr'><strong>utpote</strong></span> <span class='ocrx_word' id='word_1_27' title='bbox 709 781 889 845; x_wconf 84' lang='lat' dir='ltr'>scientibus</span> <span class='ocrx_word' id='word_1_28' title='bbox 912 803 998 860; x_wconf 90' lang='lat' dir='ltr'>eum,</span> <span class='ocrx_word' id='word_1_29' title='bbox 1022 791 1056 846; x_wconf 91' lang='lat' dir='ltr'>et</span> <span class='ocrx_word' id='word_1_30' title='bbox 1078 782 1178 847; x_wconf 90' lang='lat' dir='ltr'>dicit:</span> 
     </span>
    </p>
   </div>
   <div class='ocr_carea' id='block_1_3' title="bbox 278 930 1519 1120">
    <p class='ocr_par' dir='ltr' id='par_1_3' title="bbox 278 930 1519 1120">
     <span class='ocr_line' id='line_1_5' title="bbox 372 930 1519 1016; baseline 0.001 -23"><span class='ocrx_word' id='word_1_31' title='bbox 372 931 618 1014; x_wconf 63' lang='lat' dir='ltr'>experimentum</span> <span class='ocrx_word' id='word_1_32' title='bbox 640 943 747 996; x_wconf 89' lang='lat' dir='ltr'>autem</span> <span class='ocrx_word' id='word_1_33' title='bbox 769 933 839 996; x_wconf 89' lang='lat' dir='ltr'>eins</span> <span class='ocrx_word' id='word_1_34' title='bbox 859 934 1050 1016; x_wconf 80' lang='lat' dir='ltr'>cognoscitis,</span> <span class='ocrx_word' id='word_1_35' title='bbox 1065 933 1218 1016; x_wconf 84' lang='lat' dir='ltr'>qnoniam</span> <span class='ocrx_word' id='word_1_36' title='bbox 1239 943 1406 1015; x_wconf 83' lang='lat' dir='ltr'>tamquam</span> <span class='ocrx_word' id='word_1_37' title='bbox 1421 930 1519 1016; x_wconf 86' lang='lat' dir='ltr'>patri</span> 
     </span>
     <span class='ocr_line' id='line_1_6' title="bbox 278 1032 950 1120; baseline 0.01 -25"><span class='ocrx_word' id='word_1_38' title='bbox 278 1041 292 1108; x_wconf 84' lang='grc'><strong><em>5</em></strong></span> <span class='ocrx_word' id='word_1_39' title='bbox 299 1032 398 1115; x_wconf 86' lang='lat' dir='ltr'>filius</span> <span class='ocrx_word' id='word_1_40' title='bbox 417 1055 536 1100; x_wconf 85' lang='lat' dir='ltr'>mecum</span> <span class='ocrx_word' id='word_1_41' title='bbox 558 1035 699 1100; x_wconf 82' lang='lat' dir='ltr'>semeinit</span> <span class='ocrx_word' id='word_1_42' title='bbox 720 1037 756 1099; x_wconf 89' lang='lat' dir='ltr'>in</span> <span class='ocrx_word' id='word_1_43' title='bbox 777 1037 950 1120; x_wconf 79' lang='lat' dir='ltr'>arcangelio.</span> 
     </span>
    </p>
   </div>
   <div class='ocr_carea' id='block_1_4' title="bbox 374 1162 719 1230">
    <p class='ocr_par' dir='ltr' id='par_1_4' title="bbox 374 1162 719 1230">
     <span class='ocr_line' id='line_1_7' title="bbox 374 1162 719 1230; baseline 0.009 -5"><span class='ocrx_word' id='word_1_44' title='bbox 374 1171 408 1226; x_wconf 90' lang='lat' dir='ltr'>et</span> <span class='ocrx_word' id='word_1_45' title='bbox 430 1162 550 1230; x_wconf 89' lang='lat' dir='ltr'>iterum</span> <span class='ocrx_word' id='word_1_46' title='bbox 569 1163 719 1228; x_wconf 80' lang='lat' dir='ltr'>adiecit:</span> 
     </span>
    </p>
   </div>
   <div class='ocr_carea' id='block_1_5' title="bbox 307 1312 1516 1498">
    <p class='ocr_par' dir='ltr' id='par_1_5' title="bbox 307 1312 1516 1498">
     <span class='ocr_line' id='line_1_8' title="bbox 373 1312 1516 1397; baseline -0.001 -22"><span class='ocrx_word' id='word_1_47' title='bbox 373 1312 458 1376; x_wconf 75' lang='lat' dir='ltr'>lencm</span> <span class='ocrx_word' id='word_1_48' title='bbox 475 1312 618 1395; x_wconf 82' lang='lat' dir='ltr'>equidem</span> <span class='ocrx_word' id='word_1_49' title='bbox 633 1325 721 1396; x_wconf 64' lang='lat' dir='ltr'>sacro</span> <span class='ocrx_word' id='word_1_50' title='bbox 736 1313 869 1391; x_wconf 85' lang='lat' dir='ltr'>mittere,</span> <span class='ocrx_word' id='word_1_51' title='bbox 886 1314 980 1378; x_wconf 87' lang='lat' dir='ltr'>atnbi</span> <span class='ocrx_word' id='word_1_52' title='bbox 1000 1315 1111 1378; x_wconf 87' lang='lat' dir='ltr'>uidero</span> <span class='ocrx_word' id='word_1_53' title='bbox 1124 1335 1162 1378; x_wconf 90' lang='lat' dir='ltr'>ca</span> <span class='ocrx_word' id='word_1_54' title='bbox 1176 1335 1258 1397; x_wconf 84' lang='lat' dir='ltr'>quae</span> <span class='ocrx_word' id='word_1_55' title='bbox 1269 1334 1349 1397; x_wconf 80' lang='lat' dir='ltr'>erga</span> <span class='ocrx_word' id='word_1_56' title='bbox 1364 1333 1414 1377; x_wconf 81' lang='lat' dir='ltr'>nrt</span> <span class='ocrx_word' id='word_1_57' title='bbox 1429 1322 1516 1388; x_wconf 83' lang='lat' dir='ltr'>snm,</span> 
     </span>
     <span class='ocr_line' id='line_1_9' title="bbox 307 1416 484 1498; baseline 0.017 -20"><span class='ocrx_word' id='word_1_58' title='bbox 307 1416 484 1498; x_wconf 86' lang='lat' dir='ltr'>confestim.</span> 
     </span>
    </p>
   </div>
   <div class='ocr_carea' id='block_1_6' title="bbox 258 1544 1517 1730">
    <p class='ocr_par' dir='ltr' id='par_1_6' title="bbox 258 1544 1517 1730">
     <span class='ocr_line' id='line_1_10' title="bbox 374 1544 1517 1628; baseline 0.001 -21"><span class='ocrx_word' id='word_1_59' title='bbox 374 1545 549 1627; x_wconf 84' lang='lat' dir='ltr'>‘quoniam</span> <span class='ocrx_word' id='word_1_60' title='bbox 571 1545 703 1607; x_wconf 84' lang='lat' dir='ltr'>mittam</span> <span class='ocrx_word' id='word_1_61' title='bbox 724 1544 816 1607; x_wconf 87' lang='lat' dir='ltr'>iilum</span> <span class='ocrx_word' id='word_1_62' title='bbox 839 1545 943 1622; x_wconf 70' lang='lat' dir='ltr'>uobis</span> <span class='ocrx_word' id='word_1_63' title='bbox 957 1545 1056 1610; x_wconf 70' lang='lat' dir='ltr'>&#39;atubi</span> <span class='ocrx_word' id='word_1_64' title='bbox 1079 1545 1135 1609; x_wconf 91' lang='lat' dir='ltr'>illa</span> <span class='ocrx_word' id='word_1_65' title='bbox 1155 1567 1242 1628; x_wconf 85' lang='lat' dir='ltr'>quae</span> <span class='ocrx_word' id='word_1_66' title='bbox 1259 1545 1442 1609; x_wconf 88' lang='lat' dir='ltr'>secundum</span> <span class='ocrx_word' id='word_1_67' title='bbox 1462 1565 1517 1609; x_wconf 94' lang='lat' dir='ltr'>me</span> 
     </span>
     <span class='ocr_line' id='line_1_11' title="bbox 258 1645 1488 1730; baseline 0.004 -24"><span class='ocrx_word' id='word_1_68' title='bbox 258 1659 298 1707; x_wconf 91' lang='lat'>10</span> <span class='ocrx_word' id='word_1_69' title='bbox 309 1655 387 1710; x_wconf 91' lang='lat' dir='ltr'>sunt</span> <span class='ocrx_word' id='word_1_70' title='bbox 402 1648 518 1712; x_wconf 88' lang='lat' dir='ltr'>uidero</span> <span class='ocrx_word' id='word_1_71' title='bbox 526 1655 567 1710; x_wconf 79' lang='lat' dir='ltr'>ct</span> <span class='ocrx_word' id='word_1_72' title='bbox 581 1648 687 1710; x_wconf 87' lang='lat' dir='ltr'>sciero</span> <span class='ocrx_word' id='word_1_73' title='bbox 703 1647 736 1709; x_wconf 89' lang='lat' dir='ltr'>in</span> <span class='ocrx_word' id='word_1_74' title='bbox 753 1648 873 1729; x_wconf 90' lang='lat' dir='ltr'>quibus</span> <span class='ocrx_word' id='word_1_75' title='bbox 889 1657 976 1724; x_wconf 92' lang='lat' dir='ltr'>sunt,</span> <span class='ocrx_word' id='word_1_76' title='bbox 992 1649 1083 1711; x_wconf 92' lang='lat' dir='ltr'>omni</span> <span class='ocrx_word' id='word_1_77' title='bbox 1102 1648 1263 1711; x_wconf 84' lang='lat' dir='ltr'>dilatione</span> <span class='ocrx_word' id='word_1_78' title='bbox 1278 1645 1488 1730; x_wconf 64' lang='lat' dir='ltr'>postposita!</span> 
     </span>
    </p>
   </div>
   <div class='ocr_carea' id='block_1_7' title="bbox 373 1813 1481 1898">
    <p class='ocr_par' dir='ltr' id='par_1_7' title="bbox 373 1813 1481 1898">
     <span class='ocr_line' id='line_1_12' title="bbox 373 1813 1481 1898; baseline 0.003 -22"><span class='ocrx_word' id='word_1_79' title='bbox 373 1815 494 1898; x_wconf 85' lang='lat' dir='ltr'>confido</span> <span class='ocrx_word' id='word_1_80' title='bbox 508 1825 616 1884; x_wconf 88' lang='lat' dir='ltr'>autem</span> <span class='ocrx_word' id='word_1_81' title='bbox 632 1814 667 1877; x_wconf 92' lang='lat' dir='ltr'>in</span> <span class='ocrx_word' id='word_1_82' title='bbox 682 1813 832 1890; x_wconf 90' lang='lat' dir='ltr'>Domino,</span> <span class='ocrx_word' id='word_1_83' title='bbox 848 1815 1000 1896; x_wconf 88' lang='lat' dir='ltr'>quoniam</span> <span class='ocrx_word' id='word_1_84' title='bbox 1015 1825 1046 1879; x_wconf 89' lang='lat' dir='ltr'>ct</span> <span class='ocrx_word' id='word_1_85' title='bbox 1060 1816 1125 1898; x_wconf 89' lang='lat' dir='ltr'>ipse</span> <span class='ocrx_word' id='word_1_86' title='bbox 1138 1814 1198 1879; x_wconf 89' lang='lat' dir='ltr'>cito</span> <span class='ocrx_word' id='word_1_87' title='bbox 1213 1815 1342 1878; x_wconf 72' lang='lat' dir='ltr'>eteniam</span> <span class='ocrx_word' id='word_1_88' title='bbox 1356 1815 1406 1878; x_wconf 85' lang='lat' dir='ltr'>aa&#39;</span> <span class='ocrx_word' id='word_1_89' title='bbox 1417 1837 1481 1881; x_wconf 88' lang='lat' dir='ltr'>uos.</span> 
     </span>
    </p>
   </div>
   <div class='ocr_carea' id='block_1_8' title="bbox 310 1959 1515 2136">
    <p class='ocr_par' dir='ltr' id='par_1_8' title="bbox 310 1959 1515 2136">
     <span class='ocr_line' id='line_1_13' title="bbox 374 1959 1515 2052; baseline 0.003 -21"><span class='ocrx_word' id='word_1_90' title='bbox 374 1959 495 2034; x_wconf 81' lang='lat' dir='ltr'>adiecit</span> <span class='ocrx_word' id='word_1_91' title='bbox 516 1979 628 2036; x_wconf 86' lang='lat' dir='ltr'>autem</span> <span class='ocrx_word' id='word_1_92' title='bbox 649 1971 808 2052; x_wconf 90' lang='lat' dir='ltr'>quoniam</span> <span class='ocrx_word' id='word_1_93' title='bbox 827 1978 863 2034; x_wconf 88' lang='lat' dir='ltr'>et</span> <span class='ocrx_word' id='word_1_94' title='bbox 885 1971 955 2052; x_wconf 89' lang='lat' dir='ltr'>ipse</span> <span class='ocrx_word' id='word_1_95' title='bbox 976 1970 1076 2033; x_wconf 84' lang='lat' dir='ltr'>ualde</span> <span class='ocrx_word' id='word_1_96' title='bbox 1095 1969 1235 2033; x_wconf 86' lang='lat' dir='ltr'>credidit</span> <span class='ocrx_word' id='word_1_97' title='bbox 1252 1971 1330 2033; x_wconf 91' lang='lat' dir='ltr'>Deo·</span> <span class='ocrx_word' id='word_1_98' title='bbox 1342 1970 1456 2033; x_wconf 88' lang='lat' dir='ltr'>uenire</span> <span class='ocrx_word' id='word_1_99' title='bbox 1473 1970 1515 2034; x_wconf 92' lang='lat' dir='ltr'>ad</span> 
     </span>
     <span class='ocr_line' id='line_1_14' title="bbox 310 2071 666 2136; baseline 0.003 -4"><span class='ocrx_word' id='word_1_100' title='bbox 310 2089 375 2133; x_wconf 89' lang='lat' dir='ltr'>eos.</span> <span class='ocrx_word' id='word_1_101' title='bbox 413 2071 502 2133; x_wconf 90' lang='lat' dir='ltr'>unde</span> <span class='ocrx_word' id='word_1_102' title='bbox 521 2071 666 2136; x_wconf 84' lang='lat' dir='ltr'>adiecit:</span> 
     </span>
    </p>
   </div>
   <div class='ocr_carea' id='block_1_9' title="bbox 258 2222 1518 2618">
    <p class='ocr_par' dir='ltr' id='par_1_9' title="bbox 374 2222 1517 2306">
     <span class='ocr_line' id='line_1_15' title="bbox 374 2222 1517 2306; baseline 0.002 -21"><span class='ocrx_word' id='word_1_103' title='bbox 374 2223 586 2287; x_wconf 85' lang='lat' dir='ltr'>necessarium</span> <span class='ocrx_word' id='word_1_104' title='bbox 611 2233 719 2286; x_wconf 90' lang='lat' dir='ltr'>autem</span> <span class='ocrx_word' id='word_1_105' title='bbox 745 2223 934 2287; x_wconf 73' lang='lat' dir='ltr'>mistimaui</span> <span class='ocrx_word' id='word_1_106' title='bbox 955 2222 1218 2305; x_wconf 76' lang='lat' dir='ltr'>Epaphroditum</span> <span class='ocrx_word' id='word_1_107' title='bbox 1239 2223 1389 2306; x_wconf 81' lang='lat' dir='ltr'>fratrem</span> <span class='ocrx_word' id='word_1_108' title='bbox 1417 2231 1450 2286; x_wconf 79' lang='lat' dir='ltr'>et</span> <span class='ocrx_word' id='word_1_109' title='bbox 1471 2244 1517 2287; x_wconf 88' lang='lat' dir='ltr'>co·</span> 
     </span>
    </p>

    <p class='ocr_par' dir='ltr' id='par_1_10' title="bbox 258 2326 1518 2618">
     <span class='ocr_line' id='line_1_16' title="bbox 258 2326 1518 2409; baseline 0 -19"><span class='ocrx_word' id='word_1_110' title='bbox 258 2340 293 2407; x_wconf 84' lang='lat'>15</span> <span class='ocrx_word' id='word_1_111' title='bbox 307 2326 491 2407; x_wconf 88' lang='lat' dir='ltr'>operarium</span> <span class='ocrx_word' id='word_1_112' title='bbox 514 2337 546 2389; x_wconf 88' lang='lat' dir='ltr'>ct</span> <span class='ocrx_word' id='word_1_113' title='bbox 566 2326 810 2390; x_wconf 83' lang='lat' dir='ltr'>commilitonem</span> <span class='ocrx_word' id='word_1_114' title='bbox 836 2347 950 2404; x_wconf 87' lang='lat' dir='ltr'>meum,</span> <span class='ocrx_word' id='word_1_115' title='bbox 981 2338 1125 2391; x_wconf 80' lang='lat' dir='ltr'>uestrum</span> <span class='ocrx_word' id='word_1_116' title='bbox 1150 2338 1258 2391; x_wconf 89' lang='lat' dir='ltr'>antem</span> <span class='ocrx_word' id='word_1_117' title='bbox 1287 2328 1463 2409; x_wconf 84' lang='lat' dir='ltr'>apostolum</span> <span class='ocrx_word' id='word_1_118' title='bbox 1488 2339 1518 2390; x_wconf 88' lang='lat' dir='ltr'>et</span> 
     </span>
     <span class='ocr_line' id='line_1_17' title="bbox 309 2429 1517 2513; baseline 0 -19"><span class='ocrx_word' id='word_1_119' title='bbox 309 2430 499 2494; x_wconf 86' lang='lat' dir='ltr'>ministrum</span> <span class='ocrx_word' id='word_1_120' title='bbox 529 2429 748 2493; x_wconf 86' lang='lat' dir='ltr'>necessitatum</span> <span class='ocrx_word' id='word_1_121' title='bbox 776 2451 924 2494; x_wconf 74' lang='lat' dir='ltr'>antarum</span> <span class='ocrx_word' id='word_1_122' title='bbox 953 2431 1080 2494; x_wconf 83' lang='lat' dir='ltr'>mittere</span> <span class='ocrx_word' id='word_1_123' title='bbox 1107 2432 1156 2494; x_wconf 87' lang='lat' dir='ltr'>ad</span> <span class='ocrx_word' id='word_1_124' title='bbox 1182 2451 1245 2507; x_wconf 88' lang='lat' dir='ltr'>uos,</span> <span class='ocrx_word' id='word_1_125' title='bbox 1271 2431 1415 2513; x_wconf 87' lang='lat' dir='ltr'>eoquod</span> <span class='ocrx_word' id='word_1_126' title='bbox 1436 2431 1517 2495; x_wconf 87' lang='lat' dir='ltr'>desi-</span> 
     </span>
     <span class='ocr_line' id='line_1_18' title="bbox 309 2535 1517 2618; baseline 0.001 -20"><span class='ocrx_word' id='word_1_127' title='bbox 309 2535 427 2598; x_wconf 84' lang='lat' dir='ltr'>derans</span> <span class='ocrx_word' id='word_1_128' title='bbox 448 2545 522 2598; x_wconf 87' lang='lat' dir='ltr'>erat</span> <span class='ocrx_word' id='word_1_129' title='bbox 544 2555 651 2599; x_wconf 90' lang='lat' dir='ltr'>omnes</span> <span class='ocrx_word' id='word_1_130' title='bbox 676 2555 733 2598; x_wconf 84' lang='lat' dir='ltr'>uos</span> <span class='ocrx_word' id='word_1_131' title='bbox 754 2544 786 2599; x_wconf 87' lang='lat' dir='ltr'>ct</span> <span class='ocrx_word' id='word_1_132' title='bbox 807 2545 959 2598; x_wconf 84' lang='lat' dir='ltr'>aestuans</span> <span class='ocrx_word' id='word_1_133' title='bbox 980 2536 1098 2612; x_wconf 87' lang='lat' dir='ltr'>animo,</span> <span class='ocrx_word' id='word_1_134' title='bbox 1121 2557 1154 2598; x_wconf 92' lang='lat' dir='ltr'>eo</span> <span class='ocrx_word' id='word_1_135' title='bbox 1175 2536 1263 2617; x_wconf 82' lang='lat' dir='ltr'>qaod</span> <span class='ocrx_word' id='word_1_136' title='bbox 1280 2535 1423 2598; x_wconf 82' lang='lat' dir='ltr'>audistis</span> <span class='ocrx_word' id='word_1_137' title='bbox 1443 2556 1517 2618; x_wconf 87' lang='lat' dir='ltr'>quo-</span> 
     </span>
    </p>
   </div>
   <div class='ocr_carea' id='block_1_10' title="bbox 309 2636 1522 2815">
    <p class='ocr_par' dir='ltr' id='par_1_11' title="bbox 309 2636 1522 2815">
     <span class='ocr_line' id='line_1_19' title="bbox 309 2636 1522 2719; baseline 0 -19"><span class='ocrx_word' id='word_1_138' title='bbox 309 2637 401 2700; x_wconf 87' lang='lat' dir='ltr'>niam</span> <span class='ocrx_word' id='word_1_139' title='bbox 426 2636 615 2719; x_wconf 85' lang='lat' dir='ltr'>infirmatus</span> <span class='ocrx_word' id='word_1_140' title='bbox 643 2647 696 2700; x_wconf 91' lang='lat' dir='ltr'>est.</span> <span class='ocrx_word' id='word_1_141' title='bbox 740 2637 857 2700; x_wconf 87' lang='lat' dir='ltr'>etenim</span> <span class='ocrx_word' id='word_1_142' title='bbox 887 2637 1077 2719; x_wconf 83' lang='lat' dir='ltr'>infirmatus</span> <span class='ocrx_word' id='word_1_143' title='bbox 1104 2647 1153 2700; x_wconf 89' lang='lat' dir='ltr'>est</span> <span class='ocrx_word' id='word_1_144' title='bbox 1172 2646 1272 2718; x_wconf 87' lang='lat' dir='ltr'>prope</span> <span class='ocrx_word' id='word_1_145' title='bbox 1296 2647 1438 2714; x_wconf 85' lang='lat' dir='ltr'>mortem,</span> <span class='ocrx_word' id='word_1_146' title='bbox 1463 2637 1522 2700; x_wconf 86' lang='lat' dir='ltr'>sad</span> 
     </span>
     <span class='ocr_line' id='line_1_20' title="bbox 309 2737 1518 2815; baseline 0 -15"><span class='ocrx_word' id='word_1_147' title='bbox 309 2737 400 2800; x_wconf 85' lang='lat' dir='ltr'>Deus</span> <span class='ocrx_word' id='word_1_148' title='bbox 427 2737 459 2801; x_wconf 84' lang='lat' dir='ltr'>ci</span> <span class='ocrx_word' id='word_1_149' title='bbox 486 2738 638 2804; x_wconf 77' lang='lat' dir='ltr'>misertas</span> <span class='ocrx_word' id='word_1_150' title='bbox 659 2749 730 2814; x_wconf 81' lang='lat' dir='ltr'>cst,·</span> <span class='ocrx_word' id='word_1_151' title='bbox 764 2759 826 2800; x_wconf 89' lang='lat' dir='ltr'>non</span> <span class='ocrx_word' id='word_1_152' title='bbox 851 2737 955 2801; x_wconf 91' lang='lat' dir='ltr'>solum</span> <span class='ocrx_word' id='word_1_153' title='bbox 985 2749 1093 2803; x_wconf 87' lang='lat' dir='ltr'>antem</span> <span class='ocrx_word' id='word_1_154' title='bbox 1115 2739 1175 2815; x_wconf 84' lang='lat' dir='ltr'>illi,</span> <span class='ocrx_word' id='word_1_155' title='bbox 1196 2738 1254 2800; x_wconf 87' lang='lat' dir='ltr'>sed</span> <span class='ocrx_word' id='word_1_156' title='bbox 1272 2749 1305 2802; x_wconf 87' lang='lat' dir='ltr'>ct</span> <span class='ocrx_word' id='word_1_157' title='bbox 1329 2739 1399 2815; x_wconf 86' lang='lat' dir='ltr'>mei,</span> <span class='ocrx_word' id='word_1_158' title='bbox 1421 2749 1460 2802; x_wconf 92' lang='lat' dir='ltr'>ut</span> <span class='ocrx_word' id='word_1_159' title='bbox 1479 2759 1518 2801; x_wconf 83' lang='lat' dir='ltr'>ra</span> 
     </span>
    </p>
   </div>
   <div class='ocr_carea' id='block_1_11' title="bbox 254 2841 981 2926">
    <p class='ocr_par' dir='ltr' id='par_1_12' title="bbox 254 2841 981 2926">
     <span class='ocr_line' id='line_1_21' title="bbox 254 2841 981 2926; baseline -0.008 -17"><span class='ocrx_word' id='word_1_160' title='bbox 254 2863 298 2911; x_wconf 83' lang='lat'>20</span> <span class='ocrx_word' id='word_1_161' title='bbox 310 2845 483 2910; x_wconf 72' lang='lat' dir='ltr'>tristitiam</span> <span class='ocrx_word' id='word_1_162' title='bbox 501 2855 597 2926; x_wconf 85' lang='lat' dir='ltr'>saper</span> <span class='ocrx_word' id='word_1_163' title='bbox 615 2843 789 2907; x_wconf 80' lang='lat' dir='ltr'>tristitiam</span> <span class='ocrx_word' id='word_1_164' title='bbox 808 2841 951 2906; x_wconf 80' lang='lat' dir='ltr'>lcabeam.</span> <span class='ocrx_word' id='word_1_165' title='bbox 979 2893 981 2900; x_wconf 90' lang='grc'>.</span> 
     </span>
    </p>
   </div>
   <div class='ocr_carea' id='block_1_12' title="bbox 310 3065 1516 3296">
    <p class='ocr_par' dir='ltr' id='par_1_13' title="bbox 310 3065 1516 3296">
     <span class='ocr_line' id='line_1_22' title="bbox 358 3065 1515 3134; baseline -0.001 -15"><span class='ocrx_word' id='word_1_166' title='bbox 358 3084 373 3119; x_wconf 85' lang='lat'>¹2</span> <span class='ocrx_word' id='word_1_167' title='bbox 394 3071 555 3121; x_wconf 85' lang='lat' dir='ltr'>Timotheum</span> <span class='ocrx_word' id='word_1_168' title='bbox 575 3070 610 3119; x_wconf 99' lang='lat' dir='ltr'><em>H</em></span> <span class='ocrx_word' id='word_1_169' title='bbox 696 3081 728 3134; x_wconf 82' lang='lat'>&#39;3</span> <span class='ocrx_word' id='word_1_170' title='bbox 745 3068 807 3119; x_wconf 83' lang='lat' dir='ltr'>dixit</span> <span class='ocrx_word' id='word_1_171' title='bbox 824 3069 860 3118; x_wconf 88' lang='lat' dir='ltr'><em>H</em></span> <span class='ocrx_word' id='word_1_172' title='bbox 952 3087 967 3130; x_wconf 84' lang='lat'><strong>⁴</strong></span> <span class='ocrx_word' id='word_1_173' title='bbox 984 3071 1139 3134; x_wconf 73' lang='lat' dir='ltr'>cognoscetis</span> <span class='ocrx_word' id='word_1_174' title='bbox 1159 3067 1195 3118; x_wconf 82' lang='lat' dir='ltr'>C*</span> <span class='ocrx_word' id='word_1_175' title='bbox 1207 3069 1242 3118; x_wconf 87' lang='lat' dir='ltr'><em>H</em></span> <span class='ocrx_word' id='word_1_176' title='bbox 1333 3079 1348 3131; x_wconf 82' lang='lat'><strong>5</strong></span> <span class='ocrx_word' id='word_1_177' title='bbox 1365 3074 1460 3118; x_wconf 87' lang='lat' dir='ltr'>metum</span> <span class='ocrx_word' id='word_1_178' title='bbox 1482 3065 1515 3117; x_wconf 77' lang='lat' dir='ltr'>C*</span> 
     </span>
     <span class='ocr_line' id='line_1_23' title="bbox 310 3149 1516 3217; baseline -0.003 -16"><span class='ocrx_word' id='word_1_179' title='bbox 310 3151 335 3214; x_wconf 80' lang='lat'>⁶,</span> <span class='ocrx_word' id='word_1_180' title='bbox 352 3169 388 3214; x_wconf 76' lang='grc' dir='ltr'>η,</span> <span class='ocrx_word' id='word_1_181' title='bbox 407 3167 435 3213; x_wconf 78' lang='lat'>13</span> <span class='ocrx_word' id='word_1_182' title='bbox 453 3153 529 3203; x_wconf 87' lang='lat' dir='ltr'>adicit</span> <span class='ocrx_word' id='word_1_183' title='bbox 552 3152 599 3200; x_wconf 88' lang='lat' dir='ltr'>Cr</span> <span class='ocrx_word' id='word_1_184' title='bbox 721 3163 736 3214; x_wconf 85' lang='lat'><strong>7</strong></span> <span class='ocrx_word' id='word_1_185' title='bbox 754 3152 856 3215; x_wconf 89' lang='lat' dir='ltr'>quidam</span> <span class='ocrx_word' id='word_1_186' title='bbox 874 3152 907 3202; x_wconf 89' lang='lat' dir='ltr'><em>H</em></span> <span class='ocrx_word' id='word_1_187' title='bbox 1030 3165 1052 3213; x_wconf 80' lang='lat'>7,</span> <span class='ocrx_word' id='word_1_188' title='bbox 1074 3166 1091 3217; x_wconf 91' lang='lat'>9</span> <span class='ocrx_word' id='word_1_189' title='bbox 1107 3149 1183 3199; x_wconf 73' lang='lat' dir='ltr'>adubi</span> <span class='ocrx_word' id='word_1_190' title='bbox 1203 3149 1243 3200; x_wconf 74' lang='lat' dir='ltr'>C*</span> <span class='ocrx_word' id='word_1_191' title='bbox 1255 3149 1289 3200; x_wconf 91' lang='lat' dir='ltr'><em>H</em></span> <span class='ocrx_word' id='word_1_192' title='bbox 1415 3165 1431 3217; x_wconf 92' lang='lat'><strong>9</strong></span> <span class='ocrx_word' id='word_1_193' title='bbox 1447 3150 1516 3201; x_wconf 87' lang='lat' dir='ltr'>uobis</span> 
     </span>
     <span class='ocr_line' id='line_1_24' title="bbox 310 3230 1141 3296; baseline -0.002 -13"><span class='ocrx_word' id='word_1_194' title='bbox 310 3234 382 3283; x_wconf 85' lang='lat' dir='ltr'>illurn</span> <span class='ocrx_word' id='word_1_195' title='bbox 399 3234 434 3284; x_wconf 89' lang='lat' dir='ltr'><em>H</em></span> <span class='ocrx_word' id='word_1_196' title='bbox 530 3248 558 3296; x_wconf 82' lang='lat'>13</span> <span class='ocrx_word' id='word_1_197' title='bbox 575 3248 621 3282; x_wconf 89' lang='lat' dir='ltr'>uos</span> <span class='ocrx_word' id='word_1_198' title='bbox 634 3231 751 3296; x_wconf 75' lang='lat' dir='ltr'>(sireos)</span> <span class='ocrx_word' id='word_1_199' title='bbox 765 3232 799 3281; x_wconf 92' lang='lat' dir='ltr'><em>H</em></span> <span class='ocrx_word' id='word_1_200' title='bbox 892 3248 924 3282; x_wconf 77' lang='lat' dir='ltr'>no</span> <span class='ocrx_word' id='word_1_201' title='bbox 940 3231 1040 3282; x_wconf 79' lang='lat' dir='ltr'>tristitia</span> <span class='ocrx_word' id='word_1_202' title='bbox 1051 3230 1096 3294; x_wconf 58' lang='grc' dir='ltr'><strong>(ιο)</strong></span> <span class='ocrx_word' id='word_1_203' title='bbox 1108 3233 1141 3281; x_wconf 88' lang='lat' dir='ltr'><em>H</em></span> 
     </span>
    </p>
   </div>
   <div class='ocr_carea' id='block_1_13' title="bbox 346 3447 1517 3512">
    <p class='ocr_par' dir='ltr' id='par_1_14' title="bbox 346 3447 1517 3512">
     <span class='ocr_line' id='line_1_25' title="bbox 346 3447 1517 3512; baseline 0.003 -17"><span class='ocrx_word' id='word_1_204' title='bbox 346 3461 368 3510; x_wconf 82' lang='lat'>7.</span> <span class='ocrx_word' id='word_1_205' title='bbox 401 3455 468 3511; x_wconf 83' lang='lat' dir='ltr'>spero</span> <span class='ocrx_word' id='word_1_206' title='bbox 491 3447 767 3511; x_wconf 76' lang='lat' dir='ltr'>mittere...conpicstim]</span> <span class='ocrx_word' id='word_1_207' title='bbox 799 3449 892 3512; x_wconf 67' lang='grc' dir='ltr'>ἐλπίζω</span> <span class='ocrx_word' id='word_1_208' title='bbox 939 3467 993 3508; x_wconf 83' lang='grc' dir='ltr'><strong><em>μου.</em></strong></span> <span class='ocrx_word' id='word_1_209' title='bbox 1027 3451 1063 3500; x_wconf 93' lang='lat' dir='ltr'>So</span> <span class='ocrx_word' id='word_1_210' title='bbox 1073 3449 1163 3503; x_wconf 89' lang='lat' dir='ltr'>below.</span> <span class='ocrx_word' id='word_1_211' title='bbox 1178 3449 1217 3498; x_wconf 88' lang='lat' dir='ltr'>ch.</span> <span class='ocrx_word' id='word_1_212' title='bbox 1232 3449 1264 3499; x_wconf 78' lang='lat' dir='ltr'>ir.</span> <span class='ocrx_word' id='word_1_213' title='bbox 1282 3447 1319 3510; x_wconf 87' lang='lat'>16,</span> <span class='ocrx_word' id='word_1_214' title='bbox 1334 3451 1366 3500; x_wconf 83' lang='lat' dir='ltr'>eir</span> <span class='ocrx_word' id='word_1_215' title='bbox 1376 3451 1421 3510; x_wconf 77' lang='grc' dir='ltr'>τὴν</span> <span class='ocrx_word' id='word_1_216' title='bbox 1437 3451 1517 3512; x_wconf 73' lang='grc' dir='ltr'>χρείαν</span> 
     </span>
    </p>
   </div>
   <div class='ocr_carea' id='block_1_14' title="bbox 310 3529 1514 3676">
    <p class='ocr_par' dir='ltr' id='par_1_15' title="bbox 310 3529 1514 3676">
     <span class='ocr_line' id='line_1_26' title="bbox 311 3529 1514 3594; baseline 0.003 -18"><span class='ocrx_word' id='word_1_217' title='bbox 311 3529 547 3590; x_wconf 74' lang='grc' dir='ltr'>σέμψαι..,ἐξαυτῆς.</span> <span class='ocrx_word' id='word_1_218' title='bbox 574 3529 768 3579; x_wconf 85' lang='lat' dir='ltr'>Ourtransiator</span> <span class='ocrx_word' id='word_1_219' title='bbox 776 3530 821 3578; x_wconf 82' lang='lat' dir='ltr'>has</span> <span class='ocrx_word' id='word_1_220' title='bbox 829 3530 892 3594; x_wconf 83' lang='lat' dir='ltr'>kept</span> <span class='ocrx_word' id='word_1_221' title='bbox 938 3547 985 3588; x_wconf 84' lang='grc' dir='ltr'>μου</span> <span class='ocrx_word' id='word_1_222' title='bbox 1007 3531 1027 3580; x_wconf 89' lang='lat' dir='ltr'>is</span> <span class='ocrx_word' id='word_1_223' title='bbox 1050 3531 1171 3581; x_wconf 90' lang='lat' dir='ltr'>rendered</span> <span class='ocrx_word' id='word_1_224' title='bbox 1192 3533 1229 3580; x_wconf 88' lang='lat' dir='ltr'>ad</span> <span class='ocrx_word' id='word_1_225' title='bbox 1248 3547 1309 3581; x_wconf 77' lang='lat' dir='ltr'>unes</span> <span class='ocrx_word' id='word_1_226' title='bbox 1330 3548 1400 3591; x_wconf 85' lang='lat' dir='ltr'>meas,</span> <span class='ocrx_word' id='word_1_227' title='bbox 1427 3534 1514 3589; x_wconf 86' lang='lat' dir='ltr'>where,</span> 
     </span>
     <span class='ocr_line' id='line_1_27' title="bbox 310 3607 1407 3676; baseline 0.004 -18"><span class='ocrx_word' id='word_1_228' title='bbox 310 3609 354 3658; x_wconf 89' lang='lat' dir='ltr'>the</span> <span class='ocrx_word' id='word_1_229' title='bbox 366 3608 440 3657; x_wconf 90' lang='lat' dir='ltr'>order</span> <span class='ocrx_word' id='word_1_230' title='bbox 448 3608 477 3657; x_wconf 85' lang='lat' dir='ltr'>of</span> <span class='ocrx_word' id='word_1_231' title='bbox 486 3607 528 3657; x_wconf 91' lang='lat' dir='ltr'>the</span> <span class='ocrx_word' id='word_1_232' title='bbox 538 3608 601 3668; x_wconf 85' lang='lat' dir='ltr'>Gk.;</span> <span class='ocrx_word' id='word_1_233' title='bbox 617 3608 648 3658; x_wconf 90' lang='lat' dir='ltr'>cs.</span> <span class='ocrx_word' id='word_1_234' title='bbox 662 3609 695 3658; x_wconf 93' lang='lat'>0.</span> <span class='ocrx_word' id='word_1_235' title='bbox 704 3609 734 3658; x_wconf 88' lang='lat' dir='ltr'>L.</span> <span class='ocrx_word' id='word_1_236' title='bbox 745 3609 892 3670; x_wconf 75' lang='lat' dir='ltr'>(Sabatiertt</span> <span class='ocrx_word' id='word_1_237' title='bbox 939 3611 1064 3672; x_wconf 84' lang='lat' dir='ltr'>however,·</span> <span class='ocrx_word' id='word_1_238' title='bbox 1078 3613 1168 3676; x_wconf 89' lang='lat' dir='ltr'>Chrys.</span> <span class='ocrx_word' id='word_1_239' title='bbox 1180 3613 1252 3662; x_wconf 84' lang='lat' dir='ltr'>reads</span> <span class='ocrx_word' id='word_1_240' title='bbox 1263 3614 1307 3662; x_wconf 68' lang='grc' dir='ltr'>τὰς</span> <span class='ocrx_word' id='word_1_241' title='bbox 1318 3614 1407 3674; x_wconf 68' lang='grc' dir='ltr'>χρείας.</span> 
     </span>
    </p>
   </div>
   <div class='ocr_carea' id='block_1_15' title="bbox 311 3689 1528 4567">
    <p class='ocr_par' dir='ltr' id='par_1_16' title="bbox 311 3689 1528 4567">
     <span class='ocr_line' id='line_1_28' title="bbox 312 3689 1517 3755; baseline 0.002 -16"><span class='ocrx_word' id='word_1_242' title='bbox 312 3694 395 3739; x_wconf 85' lang='lat' dir='ltr'>“mox</span> <span class='ocrx_word' id='word_1_243' title='bbox 406 3689 492 3739; x_wconf 87' lang='lat' dir='ltr'>uidero</span> <span class='ocrx_word' id='word_1_244' title='bbox 501 3705 565 3755; x_wconf 83' lang='lat' dir='ltr'>quae</span> <span class='ocrx_word' id='word_1_245' title='bbox 577 3691 642 3740; x_wconf 87' lang='lat' dir='ltr'>circa</span> <span class='ocrx_word' id='word_1_246' title='bbox 653 3707 694 3740; x_wconf 90' lang='lat' dir='ltr'>me</span> <span class='ocrx_word' id='word_1_247' title='bbox 705 3699 762 3740; x_wconf 88' lang='lat' dir='ltr'>sunt</span> <span class='ocrx_word' id='word_1_248' title='bbox 772 3707 802 3739; x_wconf 85' lang='lat' dir='ltr'>ex</span> <span class='ocrx_word' id='word_1_249' title='bbox 813 3689 892 3754; x_wconf 77' lang='lat' dir='ltr'>ipsa‘&#39;</span> <span class='ocrx_word' id='word_1_250' title='bbox 971 3693 1111 3741; x_wconf 79' lang='lat' dir='ltr'>desiderans</span> <span class='ocrx_word' id='word_1_251' title='bbox 1141 3694 1212 3754; x_wconf 86' lang='lat' dir='ltr'>erat]</span> <span class='ocrx_word' id='word_1_252' title='bbox 1257 3694 1377 3752; x_wconf 73' lang='grc' dir='ltr'>ἐπιθυμῶν</span> <span class='ocrx_word' id='word_1_253' title='bbox 1410 3691 1457 3753; x_wconf 70' lang='lat' dir='ltr'>riu:</span> <span class='ocrx_word' id='word_1_254' title='bbox 1490 3709 1517 3742; x_wconf 83' lang='lat' dir='ltr'>so</span> 
     </span>
     <span class='ocr_line' id='line_1_29' title="bbox 313 3773 1515 3840; baseline 0.002 -18"><span class='ocrx_word' id='word_1_255' title='bbox 313 3774 440 3833; x_wconf 86' lang='lat' dir='ltr'>Rabanus,</span> <span class='ocrx_word' id='word_1_256' title='bbox 454 3774 512 3822; x_wconf 86' lang='lat' dir='ltr'>who</span> <span class='ocrx_word' id='word_1_257' title='bbox 528 3773 597 3838; x_wconf 80' lang='lat' dir='ltr'>gives</span> <span class='ocrx_word' id='word_1_258' title='bbox 613 3775 656 3824; x_wconf 89' lang='lat' dir='ltr'>the</span> <span class='ocrx_word' id='word_1_259' title='bbox 670 3773 746 3840; x_wconf 85' lang='lat' dir='ltr'>Vuig.</span> <span class='ocrx_word' id='word_1_260' title='bbox 761 3775 893 3840; x_wconf 84' lang='lat' dir='ltr'>rendering</span> <span class='ocrx_word' id='word_1_261' title='bbox 940 3773 972 3838; x_wconf 57' lang='grc' dir='ltr'>Ο.ι</span> <span class='ocrx_word' id='word_1_262' title='bbox 988 3773 1017 3823; x_wconf 87' lang='lat' dir='ltr'>L.</span> <span class='ocrx_word' id='word_1_263' title='bbox 1052 3775 1267 3823; x_wconf 83' lang='lat' dir='ltr'>Aestuareanima</span> <span class='ocrx_word' id='word_1_264' title='bbox 1279 3775 1299 3824; x_wconf 91' lang='lat' dir='ltr'>is</span> <span class='ocrx_word' id='word_1_265' title='bbox 1316 3791 1331 3824; x_wconf 85' lang='lat' dir='ltr'>a</span> <span class='ocrx_word' id='word_1_266' title='bbox 1348 3775 1454 3826; x_wconf 87' lang='lat' dir='ltr'>sorcibie</span> <span class='ocrx_word' id='word_1_267' title='bbox 1469 3776 1515 3824; x_wconf 78' lang='lat' dir='ltr'>anci</span> 
     </span>
     <span class='ocr_line' id='line_1_30' title="bbox 313 3853 1516 3920; baseline 0.001 -16"><span class='ocrx_word' id='word_1_268' title='bbox 313 3854 409 3918; x_wconf 85' lang='lat' dir='ltr'>(“mox</span> <span class='ocrx_word' id='word_1_269' title='bbox 425 3862 451 3903; x_wconf 89' lang='lat' dir='ltr'>ut</span> <span class='ocrx_word' id='word_1_270' title='bbox 469 3855 556 3904; x_wconf 88' lang='lat' dir='ltr'>uidero</span> <span class='ocrx_word' id='word_1_271' title='bbox 565 3853 598 3918; x_wconf 87' lang='lat'>”),</span> <span class='ocrx_word' id='word_1_272' title='bbox 616 3855 661 3904; x_wconf 86' lang='lat' dir='ltr'>has</span> <span class='ocrx_word' id='word_1_273' title='bbox 678 3855 789 3904; x_wconf 83' lang='lat' dir='ltr'>retained</span> <span class='ocrx_word' id='word_1_274' title='bbox 804 3857 893 3920; x_wconf 83' lang='lat' dir='ltr'>conses-</span> <span class='ocrx_word' id='word_1_275' title='bbox 939 3853 1047 3919; x_wconf 87' lang='lat' dir='ltr'>perhaps</span> <span class='ocrx_word' id='word_1_276' title='bbox 1059 3854 1165 3919; x_wconf 87' lang='lat' dir='ltr'>original</span> <span class='ocrx_word' id='word_1_277' title='bbox 1176 3855 1322 3905; x_wconf 77' lang='lat' dir='ltr'>translation</span> <span class='ocrx_word' id='word_1_278' title='bbox 1334 3855 1363 3906; x_wconf 84' lang='lat' dir='ltr'>oi</span> <span class='ocrx_word' id='word_1_279' title='bbox 1377 3859 1516 3916; x_wconf 66' lang='grc' dir='ltr'>ἀθημονεΐη</span> 
     </span>
     <span class='ocr_line' id='line_1_31' title="bbox 311 3934 1516 4002; baseline 0 -14"><span class='ocrx_word' id='word_1_280' title='bbox 311 3941 356 3988; x_wconf 90' lang='lat' dir='ltr'>tim</span> <span class='ocrx_word' id='word_1_281' title='bbox 363 3957 373 3996; x_wconf 88' lang='grc'>,·</span> <span class='ocrx_word' id='word_1_282' title='bbox 389 3940 415 3988; x_wconf 92' lang='lat' dir='ltr'>in</span> <span class='ocrx_word' id='word_1_283' title='bbox 432 3939 471 3988; x_wconf 87' lang='lat' dir='ltr'>his</span> <span class='ocrx_word' id='word_1_284' title='bbox 487 3939 595 3988; x_wconf 88' lang='lat' dir='ltr'>editions</span> <span class='ocrx_word' id='word_1_285' title='bbox 610 3939 629 3988; x_wconf 86' lang='lat' dir='ltr'>it</span> <span class='ocrx_word' id='word_1_286' title='bbox 644 3939 666 3988; x_wconf 88' lang='lat' dir='ltr'>is</span> <span class='ocrx_word' id='word_1_287' title='bbox 681 3938 794 4002; x_wconf 86' lang='lat' dir='ltr'>prefixed</span> <span class='ocrx_word' id='word_1_288' title='bbox 809 3946 836 3988; x_wconf 89' lang='lat' dir='ltr'>to</span> <span class='ocrx_word' id='word_1_289' title='bbox 849 3939 892 3989; x_wconf 89' lang='lat' dir='ltr'>the</span> <span class='ocrx_word' id='word_1_290' title='bbox 939 3934 983 3984; x_wconf 84' lang='lat' dir='ltr'>the</span> <span class='ocrx_word' id='word_1_291' title='bbox 995 3935 1069 3984; x_wconf 81' lang='lat' dir='ltr'>Latin</span> <span class='ocrx_word' id='word_1_292' title='bbox 1081 3937 1190 3984; x_wconf 87' lang='lat' dir='ltr'>versions</span> <span class='ocrx_word' id='word_1_293' title='bbox 1202 3937 1261 3985; x_wconf 89' lang='lat' dir='ltr'>here</span> <span class='ocrx_word' id='word_1_294' title='bbox 1272 3937 1322 3984; x_wconf 87' lang='lat' dir='ltr'>and</span> <span class='ocrx_word' id='word_1_295' title='bbox 1335 3937 1361 3985; x_wconf 91' lang='lat' dir='ltr'>in</span> <span class='ocrx_word' id='word_1_296' title='bbox 1378 3939 1421 3988; x_wconf 89' lang='lat' dir='ltr'>the</span> <span class='ocrx_word' id='word_1_297' title='bbox 1437 3951 1516 3987; x_wconf 80' lang='lat' dir='ltr'>narra·</span> 
     </span>
     <span class='ocr_line' id='line_1_32' title="bbox 311 4015 1528 4084; baseline -0.003 -15"><span class='ocrx_word' id='word_1_298' title='bbox 311 4021 442 4084; x_wconf 80' lang='lat' dir='ltr'>following</span> <span class='ocrx_word' id='word_1_299' title='bbox 449 4029 565 4070; x_wconf 83' lang='lat' dir='ltr'>sentence</span> <span class='ocrx_word' id='word_1_300' title='bbox 575 4022 583 4080; x_wconf 86' lang='lat'><strong>(</strong></span> <span class='ocrx_word' id='word_1_301' title='bbox 588 4020 740 4069; x_wconf 82' lang='lat' dir='ltr'>“confestim</span> <span class='ocrx_word' id='word_1_302' title='bbox 748 4019 892 4084; x_wconf 88' lang='lat' dir='ltr'>quoniam,”</span> <span class='ocrx_word' id='word_1_303' title='bbox 938 4015 990 4064; x_wconf 87' lang='lat' dir='ltr'>tive</span> <span class='ocrx_word' id='word_1_304' title='bbox 1003 4016 1034 4064; x_wconf 80' lang='lat' dir='ltr'>os</span> <span class='ocrx_word' id='word_1_305' title='bbox 1046 4016 1089 4066; x_wconf 90' lang='lat' dir='ltr'>the</span> <span class='ocrx_word' id='word_1_306' title='bbox 1105 4016 1198 4081; x_wconf 77' lang='lat' dir='ltr'>Agony</span> <span class='ocrx_word' id='word_1_307' title='bbox 1214 4033 1275 4081; x_wconf 77' lang='lat' dir='ltr'>vary</span> <span class='ocrx_word' id='word_1_308' title='bbox 1285 4018 1400 4068; x_wconf 80' lang='lat' dir='ltr'>between</span> <span class='ocrx_word' id='word_1_309' title='bbox 1416 4026 1528 4068; x_wconf 81' lang='lat' dir='ltr'>maestus·</span> 
     </span>
     <span class='ocr_line' id='line_1_33' title="bbox 312 4096 1324 4165; baseline -0.006 -13"><span class='ocrx_word' id='word_1_310' title='bbox 312 4102 377 4162; x_wconf 82' lang='lat' dir='ltr'>dcc),</span> <span class='ocrx_word' id='word_1_311' title='bbox 389 4103 471 4151; x_wconf 88' lang='lat' dir='ltr'>where</span> <span class='ocrx_word' id='word_1_312' title='bbox 482 4102 501 4151; x_wconf 92' lang='lat' dir='ltr'>it</span> <span class='ocrx_word' id='word_1_313' title='bbox 513 4103 534 4150; x_wconf 87' lang='lat' dir='ltr'>is</span> <span class='ocrx_word' id='word_1_314' title='bbox 546 4101 693 4159; x_wconf 83' lang='lat' dir='ltr'>redundant,</span> <span class='ocrx_word' id='word_1_315' title='bbox 705 4099 806 4160; x_wconf 81' lang='grc' dir='ltr'>ἐξαυτῆς</span> <span class='ocrx_word' id='word_1_316' title='bbox 817 4101 893 4165; x_wconf 79' lang='lat' dir='ltr'>being</span> <span class='ocrx_word' id='word_1_317' title='bbox 939 4112 968 4145; x_wconf 92' lang='lat' dir='ltr'>or</span> <span class='ocrx_word' id='word_1_318' title='bbox 979 4096 1097 4145; x_wconf 68' lang='lat' dir='ltr'>saltamus</span> <span class='ocrx_word' id='word_1_319' title='bbox 1107 4112 1154 4146; x_wconf 85' lang='lat' dir='ltr'>esse</span> <span class='ocrx_word' id='word_1_320' title='bbox 1163 4097 1213 4146; x_wconf 84' lang='lat' dir='ltr'>and</span> <span class='ocrx_word' id='word_1_321' title='bbox 1225 4099 1324 4146; x_wconf 81' lang='lat' dir='ltr'>taedere.</span> 
     </span>
     <span class='ocr_line' id='line_1_34' title="bbox 312 4179 1517 4248; baseline -0.004 -15"><span class='ocrx_word' id='word_1_322' title='bbox 312 4183 460 4248; x_wconf 81' lang='lat' dir='ltr'>sufficiently</span> <span class='ocrx_word' id='word_1_323' title='bbox 475 4183 634 4247; x_wconf 89' lang='lat' dir='ltr'>represented</span> <span class='ocrx_word' id='word_1_324' title='bbox 652 4183 686 4246; x_wconf 89' lang='lat' dir='ltr'>by</span> <span class='ocrx_word' id='word_1_325' title='bbox 705 4183 800 4231; x_wconf 84' lang='lat' dir='ltr'>“omni</span> <span class='ocrx_word' id='word_1_326' title='bbox 819 4183 888 4232; x_wconf 83' lang='lat' dir='ltr'>ditat.</span> <span class='ocrx_word' id='word_1_327' title='bbox 976 4193 1011 4244; x_wconf 67' lang='lat'>¹9</span> <span class='ocrx_word' id='word_1_328' title='bbox 1037 4179 1234 4239; x_wconf 74' lang='lat' dir='ltr'>eimc&#39;sa&#39;tusest,</span> <span class='ocrx_word' id='word_1_329' title='bbox 1247 4179 1304 4242; x_wconf 67' lang='grc' dir='ltr'>δια]</span> <span class='ocrx_word' id='word_1_330' title='bbox 1339 4181 1388 4229; x_wconf 90' lang='lat' dir='ltr'>For</span> <span class='ocrx_word' id='word_1_331' title='bbox 1402 4180 1446 4231; x_wconf 85' lang='lat' dir='ltr'>the</span> <span class='ocrx_word' id='word_1_332' title='bbox 1461 4195 1517 4231; x_wconf 93' lang='lat' dir='ltr'>con·</span> 
     </span>
     <span class='ocr_line' id='line_1_35' title="bbox 312 4259 1517 4327; baseline -0.002 -16"><span class='ocrx_word' id='word_1_333' title='bbox 312 4261 414 4327; x_wconf 87' lang='lat' dir='ltr'>postp.”</span> <span class='ocrx_word' id='word_1_334' title='bbox 940 4259 1234 4320; x_wconf 71' lang='lat' dir='ltr'>structionseeRonscn</span> <span class='ocrx_word' id='word_1_335' title='bbox 1248 4261 1431 4326; x_wconf 67' lang='lat' dir='ltr'>Itala&#39;p.413.</span> <span class='ocrx_word' id='word_1_336' title='bbox 1465 4263 1517 4313; x_wconf 89' lang='lat' dir='ltr'>The</span> 
     </span>
     <span class='ocr_line' id='line_1_36' title="bbox 347 4341 1517 4408; baseline -0.003 -15"><span class='ocrx_word' id='word_1_337' title='bbox 347 4361 384 4402; x_wconf 86' lang='lat'>14.</span> <span class='ocrx_word' id='word_1_338' title='bbox 409 4345 585 4408; x_wconf 79' lang='lat' dir='ltr'>cooperarium]</span> <span class='ocrx_word' id='word_1_339' title='bbox 615 4343 891 4408; x_wconf 83' lang='lat' dir='ltr'>Vulg..cooperatorem.</span> <span class='ocrx_word' id='word_1_340' title='bbox 940 4341 1036 4405; x_wconf 81' lang='lat' dir='ltr'>change</span> <span class='ocrx_word' id='word_1_341' title='bbox 1054 4347 1082 4391; x_wconf 93' lang='lat' dir='ltr'>to</span> <span class='ocrx_word' id='word_1_342' title='bbox 1099 4343 1147 4391; x_wconf 81' lang='lat' dir='ltr'>nni</span> <span class='ocrx_word' id='word_1_343' title='bbox 1162 4342 1183 4391; x_wconf 89' lang='lat' dir='ltr'>is</span> <span class='ocrx_word' id='word_1_344' title='bbox 1199 4343 1315 4403; x_wconf 81' lang='lat' dir='ltr'>carious;</span> <span class='ocrx_word' id='word_1_345' title='bbox 1329 4342 1381 4406; x_wconf 86' lang='lat' dir='ltr'>just</span> <span class='ocrx_word' id='word_1_346' title='bbox 1397 4344 1479 4394; x_wconf 89' lang='lat' dir='ltr'>below</span> <span class='ocrx_word' id='word_1_347' title='bbox 1494 4343 1517 4391; x_wconf 87' lang='lat' dir='ltr'>in</span> 
     </span>
     <span class='ocr_line' id='line_1_37' title="bbox 312 4420 1517 4490; baseline -0.002 -17"><span class='ocrx_word' id='word_1_348' title='bbox 312 4425 351 4474; x_wconf 83' lang='lat' dir='ltr'>Ci.</span> <span class='ocrx_word' id='word_1_349' title='bbox 367 4425 477 4484; x_wconf 72' lang='lat' dir='ltr'>Ronsch</span> <span class='ocrx_word' id='word_1_350' title='bbox 490 4427 567 4485; x_wconf 83' lang='lat' dir='ltr'>Itala,</span> <span class='ocrx_word' id='word_1_351' title='bbox 581 4441 607 4490; x_wconf 88' lang='lat' dir='ltr'>p.</span> <span class='ocrx_word' id='word_1_352' title='bbox 624 4439 677 4487; x_wconf 79' lang='lat'>¹3¹·</span> <span class='ocrx_word' id='word_1_353' title='bbox 940 4423 983 4472; x_wconf 86' lang='lat' dir='ltr'>the</span> <span class='ocrx_word' id='word_1_354' title='bbox 1002 4439 1094 4473; x_wconf 90' lang='lat' dir='ltr'>comm.</span> <span class='ocrx_word' id='word_1_355' title='bbox 1112 4425 1140 4484; x_wconf 84' lang='lat' dir='ltr'>(l.</span> <span class='ocrx_word' id='word_1_356' title='bbox 1156 4422 1193 4488; x_wconf 88' lang='lat' dir='ltr'>rr)</span> <span class='ocrx_word' id='word_1_357' title='bbox 1211 4425 1254 4474; x_wconf 89' lang='lat' dir='ltr'>the</span> <span class='ocrx_word' id='word_1_358' title='bbox 1270 4425 1355 4474; x_wconf 79' lang='lat' dir='ltr'>dative</span> <span class='ocrx_word' id='word_1_359' title='bbox 1370 4424 1393 4474; x_wconf 84' lang='lat' dir='ltr'>ts</span> <span class='ocrx_word' id='word_1_360' title='bbox 1409 4420 1517 4474; x_wconf 77' lang='lat' dir='ltr'>retained</span> 
     </span>
     <span class='ocr_line' id='line_1_38' title="bbox 348 4503 1263 4567; baseline 0.002 -13"><span class='ocrx_word' id='word_1_361' title='bbox 348 4503 384 4554; x_wconf 85' lang='lat'>16.</span> <span class='ocrx_word' id='word_1_362' title='bbox 413 4507 578 4554; x_wconf 78' lang='lat' dir='ltr'>nacssitatum</span> <span class='ocrx_word' id='word_1_363' title='bbox 596 4506 718 4567; x_wconf 83' lang='lat' dir='ltr'>mearum]</span> <span class='ocrx_word' id='word_1_364' title='bbox 751 4505 795 4564; x_wconf 78' lang='grc' dir='ltr'>τῆς</span> <span class='ocrx_word' id='word_1_365' title='bbox 810 4507 893 4566; x_wconf 77' lang='lat' dir='ltr'>xoeinr</span> <span class='ocrx_word' id='word_1_366' title='bbox 941 4504 1061 4566; x_wconf 82' lang='lat' dir='ltr'>(¹⁴ei...et</span> <span class='ocrx_word' id='word_1_367' title='bbox 1073 4505 1135 4554; x_wconf 86' lang='lat' dir='ltr'>mihi</span> <span class='ocrx_word' id='word_1_368' title='bbox 1146 4513 1172 4556; x_wconf 88' lang='lat' dir='ltr'>et</span> <span class='ocrx_word' id='word_1_369' title='bbox 1183 4505 1263 4565; x_wconf 82' lang='lat' dir='ltr'>i11i¹’t.</span> 
     </span>
    </p>
   </div>
   <div class='ocr_carea' id='block_1_16' title="bbox 0 0 1658 5206">
    <p class='ocr_par' dir='ltr' id='par_1_17' title="bbox 0 0 1658 5206">
     <span class='ocr_line' id='line_1_39' title="bbox 0 0 1658 5206; baseline 0 0"><span class='ocrx_word' id='word_1_370' title='bbox 0 0 1658 5206; x_wconf 95' lang='lat' dir='ltr'> </span> 
     </span>
    </p>
   </div>
  </div>
 </body>
</html>
