3292 5206
154 393 328 479 1·14‚15·]
525 408 567 459 ru
592 408 644 460 nr.
667 409 718 459 nu
741 405 998 459 COLOSSENshs.
1296 395 1356 458 261

152 580 309 657 diximus,
339 589 374 644 et
395 579 613 662 comprobare
640 587 797 662 properat
821 576 952 641 illorum
983 574 1247 658 magnitudinem
1274 595 1360 658 quae

152 683 196 745 ab
212 702 252 745 eo
268 691 415 746 correcta
430 691 516 746 sunt.
557 681 647 744 unde
663 692 696 746 et
712 682 754 745 de
769 690 924 763 suscepto
940 679 1075 742 homine
1090 680 1248 762 disputat,
1265 682 1360 762 quasi

152 784 196 848 de
217 785 372 867 primitiis
395 784 524 860 nostris,
550 794 585 848 et
607 785 687 869 quia
714 784 865 867 prouisor
891 783 986 847 nobis
1016 784 1181 848 bonorum
1211 785 1362 850 extiterit

153 886 344 952 multorum.
389 886 479 950 unde
494 897 528 950 et
544 887 685 952 adiecit:

217 1036 254 1099 in
268 1059 329 1120 quo
343 1037 496 1103 habemus
510 1038 761 1121 redemptionem,
777 1037 995 1104 remissionem
1002 1027 1211 1122 peecatorum.
1398 1043 1414 1111 5

220 1163 297 1238 ‘per
317 1157 427 1239 ipsum
449 1159 537 1222 enim
559 1178 694 1224 omnem
718 1170 931 1241 peccatorum
948 1162 1158 1227 securitatem
1174 1183 1288 1227 sumus
1304 1165 1363 1228 ad·

153 1257 275 1322 secuti!
320 1259 400 1323 dicit
423 1270 535 1324 autem
557 1260 704 1324 futurum
722 1270 857 1338 statum,
873 1262 907 1325 in
927 1283 994 1344 quo
1015 1285 1075 1347 per
1089 1265 1361 1330 resurrectionem

152 1359 270 1437 effecti,
297 1370 415 1448 natura
440 1371 554 1427 nostra
580 1363 748 1428 inmortali
778 1373 926 1440 extante,
954 1385 1092 1447 peccare
1122 1365 1259 1430 ulterius
1295 1387 1362 1430 non

152 1465 342 1545 poterimus.
387 1463 454 1529 tale
475 1475 525 1530 est
545 1474 579 1529 et
601 1465 683 1530 illud
707 1466 797 1550 quod
821 1467 864 1530 ad
889 1466 1054 1550 Ephesios
1074 1468 1291 1534 dictumest:
1313 1470 1363 1534 ita

152 1576 191 1628 ut
207 1568 312 1629 simus
329 1569 435 1632 sancti
449 1578 481 1632 et
499 1569 709 1634 immaculati.
754 1569 877 1634 deinde
898 1570 980 1633 dicit
998 1580 1033 1634 et
1050 1569 1141 1634 illam
1162 1571 1361 1654 dignitatem
1378 1587 1418 1635 10

153 1687 239 1749 quae
258 1689 336 1753 erga
357 1690 434 1734 eum
456 1680 526 1735 est:

218 1822 276 1903 qui
295 1832 344 1886 est
362 1823 471 1906 imago
489 1822 558 1887 Dei
574 1821 761 1894 invisibiles.

219 1929 308 2005 bene
321 1941 500 2006 inuisibilis
513 1942 645 2018 adiecit,
661 1963 729 2006 non
745 1943 834 2026 quod
859 1943 903 2007 sit
918 1951 951 2008 et
968 1943 1107 2007 uisibilis
1123 1943 1225 2021 Deus,
1241 1944 1300 2009 sed
1316 1944 1360 2008 ad

152 2045 377 2108 ostensionem
402 2044 662 2126 magnitudinis;
685 2047 711 2108 si
737 2054 851 2110 tamen
878 2047 911 2109 in
939 2047 1003 2110 isto
1030 2047 1125 2129 quasi
1152 2047 1184 2110 in
1216 2047 1361 2131 imagine

152 2144 352 2208 inuisibilem
370 2146 463 2210 illam
484 2156 637 2210 naturam
661 2149 823 2225 uidemus,
840 2169 880 2212 eo
901 2149 992 2232 quod
1014 2149 1189 2232 copulatus
1213 2159 1265 2214 est
1286 2151 1361 2215 Deo
1379 2166 1414 2234 15

152 2245 264 2310 Verbo
289 2233 333 2313 et'
347 2249 506 2313 iudicabit
530 2270 665 2314 omnem
693 2252 808 2315 orbem
835 2261 1004 2328 terrarum,
1029 2251 1192 2333 adparens
1215 2251 1286 2333 ipse
1311 2271 1360 2315 se-

153 2350 301 2415 cundum
336 2347 441 2430 suam,
475 2360 512 2415 ut
541 2354 592 2417 fas
625 2361 684 2431 est,
716 2364 880 2432 naturam,
912 2355 946 2418 in
977 2353 1089 2417 futuro
1120 2352 1254 2417 saeculo
1283 2372 1360 2416 cum

154 2453 259 2517 multa
274 2453 381 2536 gloria
397 2454 534 2518 ueniens
554 2456 597 2520 de
614 2457 716 2521 caelo
760 2457 916 2540 imaginis
937 2456 1089 2520 ordinem
1112 2455 1208 2520 nobis
1229 2455 1359 2534 retinet,

201 2649 217 2693 4
234 2630 310 2680 adicit
324 2630 371 2679 Cr
485 2631 501 2680 8
518 2631 718 2696 incorruptibiles
730 2632 780 2696 (ast
789 2629 879 2695 effecti)
890 2632 943 2680 add
954 2631 976 2681 C
987 2631 1060 2692 (cerr)
1178 2645 1207 2694 ¹3
1225 2631 1301 2681 adicit
1314 2631 1362 2681 Cr

155 2725 185 2775 14
207 2712 341 2777 imaginem
361 2711 397 2761 C*
409 2711 443 2761 H
538 2724 565 2774 15
584 2713 634 2762 Dei
651 2712 685 2762 H
797 2711 826 2762 16
843 2727 942 2762 omnem
961 2728 1000 2760 om
1017 2713 1051 2761 H
1147 2726 1175 2775 17
1193 2728 1284 2776 magna
1303 2713 1363 2776 (sor

152 2793 242 2852 multa)
254 2809 270 2841 r
373 2791 402 2839 18
418 2790 445 2839 in
456 2791 553 2854 mugnis
574 2789 609 2840 C*
621 2791 654 2841 H
662 2808 690 2841 r:
706 2797 746 2840 ιιι
759 2791 864 2852 Ο(ιοιν)
876 2793 888 2840 l
899 2789 904 2854 Ι
919 2791 1032 2840 ordinem
1043 2807 1082 2840 om
1094 2791 1126 2840 H

188 2949 210 2984 1.
243 2949 306 3000 quae
326 2933 357 2982 ab
377 2949 403 2983 ιο
424 2940 528 2982 correcta
548 2931 621 2998 runt]
660 2933 677 2983 i.
694 2949 728 2999 q.,
813 2950 836 3001 p
872 2934 1044 2999 adEplusior]
1060 2933 1360 3001 c.i.4(“essenos,”&c.)

154 3015 362 3068 “directe'’=rd
376 3015 434 3078 παρ’
448 3013 523 3065 αὐτοῦ
537 3017 726 3080 :erupturum
817 3029 853 3077 13.
877 3015 1200 3078 nonquodsitetumbilis
1210 3015 1292 3078 Deus]
1317 3017 1359 3067 Ct'.

153 3099 195 3151 Ct'.
206 3116 249 3166 pp.
266 3113 303 3162 52.
316 3097 344 3148 ll.
357 3114 380 3158 ι,
396 3110 442 3160 273
460 3113 515 3161 254,
528 3097 546 3147 t
560 3112 583 3146 2.
779 3095 824 3146 the
834 3111 927 3146 comm.
939 3111 973 3145 on
985 3095 1095 3160 Philipp.
1108 3095 1143 3145 iii.
1157 3111 1178 3159 3.

185 3196 207 3234 ι.
244 3182 319 3248 quasi
344 3183 373 3230 de
394 3181 520 3246 primitiis
546 3180 649 3242 nostn's]
687 3179 730 3232 On
816 3190 854 3240 ¹4·
882 3177 911 3226 ιἰι
933 3177 979 3226 isto
999 3177 1075 3240 quari
1101 3177 1130 3225 ιἰι
1157 3176 1275 3240 imqgr'ne,
1300 3177 1359 3240 &cl

152 3264 236 3315 Christ
251 3279 280 3313 as
294 3263 338 3313 the
352 3257 459 3326 ἀπορχή,
473 3277 516 3312 see
529 3261 618 3324 above,
631 3277 658 3327 p.
673 3275 727 3326 ¹²⁵2
780 3257 919 3310 Lansrtncr
942 3258 991 3306 “in
1009 3257 1111 3306 homine
1129 3256 1231 3306 Christo
1247 3259 1317 3322 quasi
1333 3259 1359 3307 in

151 3347 171 3397 1.
185 3349 221 3398 18.
780 3339 890 3406 imagine
904 3338 1055 3388 inuisibilem
1071 3337 1141 3387 illam
1155 3337 1269 3388 uidemus
1287 3347 1360 3388 natu-

186 3443 210 3492 5.
242 3425 433 3491 remptionem,
457 3426 633 3487 remissionem]
674 3427 731 3477 'ibe
780 3429 855 3480 tamt
868 3437 928 3470 nam
945 3435 1068 3485 apparens
1089 3419 1116 3468 in
1138 3417 1221 3468 tuturo
1243 3419 1359 3484 imaginis

150 3519 204 3562 text
215 3511 297 3561 which
308 3509 358 3559 Th.
374 3509 492 3559 followed
508 3508 614 3558 omitted
634 3504 673 3556 hd
687 3505 732 3556 τοΰ
780 3503 854 3553 nobis
872 3503 986 3552 ordinem
1002 3501 1127 3562 retinebit,
1145 3501 1265 3566 quoniam
1281 3502 1309 3552 in
1327 3518 1359 3552 eo

151 3596 252 3652 elueret
274 3589 353 3642 αὐτοῦ.
396 3591 474 3642 Thdt.
496 3592 533 3640 ad
551 3591 577 3640 Ιι.
600 3591 618 3639 l.
641 3591 731 3641 inserts
781 3585 852 3650 quasi
865 3585 891 3634 in
907 3584 1015 3648 imagine
1029 3583 1156 3650 quandam
1170 3583 1283 3634 diuinam
1299 3600 1358 3634 con·

151 3677 221 3728 these
233 3675 323 3725 words.
780 3667 888 3717 tinemus
898 3665 1046 3718 naturam-’'·
1388 3721 1390 3724 ¹

184 3773 208 3823 7.
235 3755 563 3820 dr'cr't...sirtummstatrrm]
584 3755 674 3819 Comp.
685 3755 728 3806 the
815 3751 850 3800 18.
882 3749 1004 3814 imaginis
1030 3749 1142 3799 ordinem
1168 3749 1237 3799 mbr'r
1259 3749 1358 3812 retinet]

149 3855 242 3892 comm.
262 3855 295 3888 on
314 3839 379 3903 Eph.
403 3839 420 3886 i.
440 3849 462 3900 7,
483 3838 534 3887 and
553 3845 625 3888 notes
647 3837 725 3887 there.
777 3831 845 3891 τάξιν
856 3831 942 3892 ἐπέχει
953 3831 1008 3890 ἡμῖν
1020 3830 1108 3880 εἰκόνος
1122 3831 1163 3891 (cs.
1176 3833 1267 3895 p.183‚
1278 3831 1354 3893 1118,

150 3922 182 3971 ln
201 3921 263 3970 both
283 3920 367 3985 places
384 3919 433 3968 Th.
451 3918 497 3968 hes
514 3918 667 3968 overlooked
683 3919 727 3968 the
782 3917 830 3981 ιο).
852 3915 911 3974 Ι.ι.,
922 3913 965 3964 the
975 3913 1046 3963 bomo
1055 3913 1261 3978 suscepturisthe
1269 3915 1358 3964 visible

150 4010 222 4052 tense
240 4000 270 4049 ol
288 4001 383 4062 ἔχομεν,
403 3999 486 4049 which
504 4007 530 4049 at
549 3999 613 4050 least
629 3999 728 4063 implies
777 3994 921 4059 expression
937 3992 967 4043 ot'
985 3994 1028 4044 the
1044 3993 1160 4044 invisible
1176 3994 1250 4058 glory
1265 3994 1295 4043 oi
1314 3996 1357 4047 the

149 4099 183 4133 en
209 4081 330 4146 incipient
357 4081 498 4145 possession
522 4080 551 4130 ol
575 4080 619 4130 the
644 4081 729 4142 ἄφεσις
777 4077 871 4126 Divine
885 4077 983 4126 Nature
999 4076 1061 4126 with
1077 4077 1159 4126 which
1176 4077 1219 4126 He
1234 4076 1255 4126 is
1269 4078 1356 4128 united

149 4179 179 4214 or
196 4160 362 4224 ἀπολύτρωσις
380 4161 405 4210 in
424 4161 467 4210 the
484 4168 584 4225 present
600 4160 652 4210 tite.
686 4161 727 4210 Ci.
780 4158 806 4208 in
821 4159 864 4208 the
881 4159 973 4208 Person
987 4156 1017 4208 ol
1028 4158 1121 4208 Christ.
1155 4157 1267 4222 Chrys’s
1282 4159 1356 4210 inter-

150 4244 253 4308 Chrys.:
279 4239 636 4305 ι1γάρμὴάφιίθημεντῶν
653 4241 727 4304 ἁμαρ-
780 4241 904 4305 pretation
924 4239 954 4290 oi
971 4241 1041 4289 cleda
1060 4256 1088 4290 as
1104 4240 1207 4305 applied
1226 4246 1253 4289 to
1272 4241 1356 4292 Christ

147 4323 269 4386 τημάτωι,
282 4319 532 4382 οὖκᾶιμετέστημεν.
561 4321 652 4371 Thdt.:
671 4319 728 4372 rati·
779 4322 862 4371 differs
870 4320 934 4370 from
942 4321 991 4371 this
1000 4321 1026 4370 in
1034 4328 1085 4371 two
1094 4321 1230 4386 important
1239 4331 1356 4386 respeets.

147 4425 193 4470 ιηι
215 4407 271 4468 ἡμῖν
295 4403 334 4456 διὰ
354 4403 397 4457 τοῦ
418 4406 537 4470 rmnplou
560 4405 729 4469 βαπτίσματος
779 4401 814 4468 (1)
827 4405 858 4453 In
869 4419 987 4454 common
998 4403 1058 4454 with
1070 4405 1156 4468 nearly
1167 4403 1201 4453 all
1215 4403 1259 4454 the
1273 4404 1355 4455 ortho

147 4490 294 4554 δδωρήοατο.
714 4519 716 4526 1
778 4487 828 4536 dox
845 4485 956 4552 patristic
971 4486 1066 4538 writers
1080 4485 1112 4536 he
1126 4486 1227 4550 regards
1237 4485 1280 4536 the
1292 4495 1355 4550 term
