3342 5224
278 372 319 435 28
511 419 513 422 -
611 384 838 437 rneooonus
862 349 1154 438 uorsuesrauus
1291 373 1484 458 [11.15,16.

278 553 417 620 iacimus
441 553 678 635 infirmitatem,
704 566 820 640 utpote
847 558 1013 623 mortales.
1057 559 1140 624 haec
1160 570 1195 625 et
1220 559 1338 627 beatus
1364 564 1485 629 Paulus

280 657 442 722 Romanis
468 659 615 724 scribens
641 660 740 724 latius
764 659 896 724 uidetur
921 661 1117 744 explicasse,
1142 662 1275 727 dicens:
1307 685 1370 729 nen
1398 667 1485 730 enim

277 761 365 841 quod
383 762 453 825 uolo
473 761 531 825 hoe
543 761 639 844 facie
665 761 788 835 bonum,
816 761 874 824 sed
897 761 984 846 qued
1004 763 1075 827 nolo
1101 763 1225 828 malum
1249 764 1314 828 lece.
1327 787 1396 849 age.
1442 777 1484 839 et,

279 861 407 926 inuenio
422 862 519 944 legem
536 863 657 926 unknti
676 863 760 926 melei
773 863 886 946 faeere
904 865 992 946 qued
1004 864 1120 929 bortum
1140 876 1211 942 est,·
1234 869 1386 949 queniam
1402 869 1488 932 mihi
1509 857 1512 865 ¹

239 969 262 1036 Δ5
279 962 403 1028 malum
432 963 563 1030 adiacet.
607 975 650 1041 et,
679 965 869 1028 condelector
897 965 964 1048 legi
994 966 1062 1029 Dei
1089 967 1262 1032 seeundum
1300 968 1484 1032 interiorem

278 1066 437 1130 hominem
447 1088 463 1140 ,·
478 1067 570 1131 uideo
583 1078 692 1132 aretem
709 1069 812 1132 aliam
828 1069 925 1152 legem
942 1069 977 1133 in
993 1070 1146 1135 membris
1157 1073 1244 1148 mets,
1255 1085 1483 1158 repugnantem

280 1169 344 1252 legi
357 1171 473 1234 mentis
488 1192 580 1237 meae.
626 1181 659 1236 et
675 1171 732 1236 illa
747 1193 834 1255 quae
856 1173 888 1236 in
910 1172 967 1237 illa
987 1183 1083 1257 parte
1103 1175 1265 1258 epistolae
1281 1189 1485 1243 memoratus

280 1281 339 1350 est,
356 1271 480 1336 docens
495 1293 557 1336 nos
577 1294 680 1356 quam
701 1275 808 1338 multa
829 1284 863 1339 et
883 1295 943 1358 per
963 1285 1103 1340 naturae
1124 1276 1350 1343 infirmitatem
1370 1290 1486 1344 contra

279 1376 488 1460 propositum
514 1386 664 1441 nostrum
687 1377 919 1461 delinquimus,
936 1379 1123 1462 etquidem
1149 1378 1224 1464 lege
1242 1382 1332 1464 quod
1359 1383 1484 1449 bonum

228 1499 267 1547 10
281 1488 332 1544 est
349 1481 468 1544 edocti.
513 1500 600 1562 quae
626 1481 729 1546 etiam
750 1484 880 1547 cautius
902 1503 1104 1566 cognoscere
1126 1486 1201 1568 quis
1223 1489 1355 1568 poterit,
1370 1491 1397 1554 si
1419 1492 1487 1556 dis-

279 1591 391 1647 cutere
413 1583 556 1650 uoluerit
579 1584 887 1668 interpretationem
910 1585 1003 1649 illam
1028 1585 1191 1668 epistolae
1213 1607 1315 1670 quam
1341 1591 1403 1674 ipsi
1427 1613 1486 1656 ex·

280 1686 430 1768 posuisse
459 1686 621 1751 uidemur.
677 1687 734 1769 qui
763 1687 792 1751 si
823 1707 890 1752 una
919 1689 1066 1770 quadam
1097 1690 1209 1772 specie
1241 1712 1320 1774 erga
1350 1713 1410 1758 nos
1441 1695 1484 1761 ad

280 1790 417 1874 plenum
438 1811 516 1853 usus
537 1789 661 1868 suisset,
673 1799 744 1873 'qua
760 1812 821 1855 nos
842 1790 992 1875 legitimo
1009 1791 1121 1856 animo
1140 1804 1371 1876 praeparasset
1390 1817 1485 1880 prae·

280 1891 411 1976 eligere,
433 1892 476 1956 ad
499 1892 562 1957 hoc
585 1895 686 1958 etiam
710 1913 778 1956 non
796 1903 950 1958 naturam
976 1894 1152 1959 instituens
1176 1915 1369 1963 concurrere
1393 1898 1485 1962 lecis-

228 2015 264 2084 15
281 2009 340 2075 set,
371 1997 452 2061 nihil
489 1997 621 2062 differre
658 1997 814 2062 iumentis
859 1997 1110 2062 inrationalibus
1148 1997 1344 2076 uideremur,
1390 2003 1484 2067 inuiti

281 2101 388 2185 magis
414 2100 456 2164 ad
482 2100 641 2165 bonitatis
665 2110 778 2164 actum
808 2099 938 2184 inpulsi.
978 2099 1036 2165 illa
1063 2122 1142 2194 uero
1164 2123 1251 2184 quae
1274 2104 1486 2170 existimatur

280 2205 496 2270 contrarietas
520 2204 627 2268 inesse
646 2204 752 2281 nobis,
775 2204 860 2268 sicut
882 2223 988 2286 nuper
1008 2203 1165 2280 diximus,
1189 2207 1483 2272 rationabilitatem

279 2307 388 2392 ipsam
416 2307 449 2370 in
476 2327 577 2390 opere
603 2306 706 2369 uideri
732 2305 869 2388 perficit.
914 2305 1088 2369 euidenter
1117 2315 1230 2372 autem
1261 2328 1323 2372 nos
1352 2317 1485 2373 nostrae

281 2408 465 2492 uoluptatis
481 2409 634 2472 dominos
650 2407 803 2482 instituit,
821 2416 857 2471 ut
880 2407 971 2490 quod
993 2407 1147 2472 uolumus
1171 2408 1343 2493 eligamus,
1367 2419 1485 2475 natura

225 2527 269 2576 20
280 2513 418 2594 quidem
443 2520 579 2596 propter
603 2510 694 2575 illam
719 2532 806 2594 quae
827 2511 913 2575 inest
940 2513 969 2574 ei
996 2511 1233 2578 mortalitatem
1260 2514 1303 2578 ad
1330 2513 1394 2578 hoc
1424 2534 1484 2578 nos

282 2616 488 2694 adtrahente,
509 2615 638 2699 legibus
660 2637 739 2679 uero
762 2635 822 2678 nos
846 2636 865 2678 e
885 2615 1050 2680 contrario
1065 2616 1282 2695 docentibus;
1306 2624 1339 2681 et
1354 2617 1485 2681 animae

281 2721 481 2786 auctoritate
504 2720 739 2785 discretionem
764 2738 879 2782 eorum
906 2719 949 2782 ad
977 2717 1010 2782 id
1038 2718 1129 2800 quod
1153 2719 1215 2782 sibi
1238 2719 1369 2783 libitum
1389 2719 1484 2784 luerit

281 2824 463 2888 secundum
480 2831 517 2887 ut
531 2823 732 2887 conueniens
748 2829 799 2885 est
815 2821 963 2898 iaciente,
987 2820 1047 2884 sed
1072 2841 1133 2885 nec
1153 2821 1310 2886 deuiante
1325 2841 1483 2904 umquam

281 2953 301 2996 a
320 2951 381 2995 suo
405 2927 585 3014 proposit0‚
601 2947 621 2990 a
640 2925 815 2991 meliorum
837 2923 953 3008 gloria,
968 2922 1047 2987 licet
1069 2923 1213 2988 naturali
1237 2923 1429 2989 infirmitate
1452 2924 1484 2990 in

226 3043 265 3111 25
282 3031 462 3097 contrarios
487 3029 672 3094 deducatur
691 3036 791 3092 actus
838 3025 1006 3093 iustificari
1031 3035 1145 3090 tamen
1164 3027 1198 3089 in
1220 3027 1388 3110 praesenti
1416 3027 1486 3090 uita

281 3134 481 3218 scrupulose,
506 3133 688 3196 secundum
718 3130 801 3215 legis
830 3129 1119 3195 conuersationem
1149 3139 1183 3194 et
1216 3131 1364 3195 maxime
1387 3131 1486 3214 Moy-

280 3236 390 3300 saicac
417 3255 503 3318 quae
527 3233 633 3298 multa
659 3233 762 3298 habet
786 3241 973 3315 praecepta,
999 3239 1034 3296 et
1057 3231 1163 3296 multa
1188 3232 1316 3317 indiget
1346 3231 1485 3310 cautela,

281 3338 475 3422 inpossibile
501 3347 559 3402 est.
612 3345 843 3400 uerumtamen
864 3355 931 3399 non
953 3335 1026 3399 sine
1048 3343 1161 3399 nostra
1180 3334 1324 3399 utilitate
1345 3357 1397 3400 res
1413 3336 1485 3419 ipsa

281 3441 440 3521 efficitur;
472 3449 509 3506 ut
532 3448 646 3504 autem
668 3437 799 3503 firmam
819 3439 1022 3523 accipiamus
1049 3438 1298 3502 instructionem
1317 3438 1486 3518 bonitatis,

329 3621 343 3656 a
363 3605 470 3656 scribere
485 3602 523 3655 Cl
535 3605 570 3654 H
663 3615 679 3669 9
696 3602 845 3668 deliquimus
866 3600 905 3651 Cl
1006 3616 1036 3652 ro
1053 3600 1161 3651 discurre
1178 3599 1216 3650 C*
1228 3601 1364 3652 discurrere
1382 3601 1405 3652 C
1415 3598 1487 3666 (coer)

282 3705 309 3740 ιι
329 3689 382 3754 ipse
401 3688 425 3738 C
530 3701 557 3736 m
575 3686 673 3736 uidetur
692 3682 802 3749 Clcorr)
914 3695 943 3747 17
961 3682 1069 3732 diximus
1084 3699 1123 3731 om
1140 3683 1172 3731 H
1267 3698 1297 3732 aa
1315 3683 1487 3733 auctoritatem

282 3771 358 3838 CHl
373 3768 510 3822 iueratH*
609 3781 639 3832 ογ
652 3768 757 3818 multam
774 3766 826 3816 ind.
838 3765 1006 3816 cautelemll
1101 3766 1132 3816 28
1148 3772 1260 3814 nostram
1269 3765 1303 3814 H
1306 3763 1320 3789 '

314 3943 336 3978 a.
372 3926 493 3976 Romami
513 3922 629 3987 scriberes]
660 3921 795 3974 Romuli.
818 3936 856 3985 19,
909 3921 964 3970 The
982 3919 1146 3985 punctuation
1163 3919 1273 3986 adopted
1291 3920 1311 3971 is
1328 3919 1399 3972 Th.'s
1415 3938 1488 3982 own;

282 4022 388 4070 21-23.
424 4009 515 4074 Comp.
535 4005 607 4056 Th.’s
624 4020 724 4064 comm,
744 4005 859 4065 βούλεται
909 3999 940 4051 cl.
956 4000 973 4048 Ι.
990 4017 1020 4060 c.,
1041 4001 1105 4050 rard
1122 4001 1236 4063 διαίρεσιν
1251 4002 1428 4064 ἀναγνωστέον
1446 4003 1489 4051 εὑ.

281 4092 358 4141 εἰπεῖν
370 4091 407 4139 ὅτι
420 4091 493 4140 καλὸς
504 4084 809 4148 μὲνονόμοετοιδεῠωνᾱ
825 4086 862 4134 δεῖ
908 4083 999 4143 plexu
1012 4081 1067 4144 ripe
1116 4083 1168 4131 elec
1184 4083 1245 4143 ἑξῆς·
1263 4083 1308 4131 ὅτι
1326 4084 1389 4142 ἐμοὶ
1403 4085 1433 4133 τὸ
1446 4100 1486 4132 εο-

281 4175 326 4233 τὴν
349 4170 525 4233 ψινχίρ...ἐγὼ
547 4169 573 4217 δὲ
596 4169 635 4217 διὰ
655 4166 698 4225 ein
718 4166 860 4226 θνητότητοε
910 4166 952 4214 κὸν
970 4166 1109 4226 περίκειται.
1144 4165 1187 4215 He
1210 4165 1336 4229 explains:
1359 4165 1423 4214 κατὰ
1445 4167 1489 4226 μὲν

282 4253 378 4314 πολλὴν
388 4253 442 4313 περὶ
453 4251 482 4300 τὸ
493 4250 613 4312 ἁμαρτίαν
624 4253 669 4312 τὴν
679 4249 805 4314 εὐβουλίαν
822 4250 858 4298 de-
910 4247 954 4305 τὴν
970 4247 1052 4309 ψινχὴν
1067 4247 1184 4308 χρήσιμος
1199 4245 1213 4295 ὁ
1227 4242 1374 4308 νόμος...τῂν
1390 4248 1444 4308 περὶ
1459 4248 1488 4296 τὸ

282 4334 381 4394 ξάμενος
397 4333 557 4394 ἀπηλλάχθαι
580 4334 623 4382 τοῦ
644 4333 739 4381 πταίειν
758 4331 798 4381 διὰ
816 4333 860 4391 τῆς
910 4327 1053 4389 ἁμαρτάνειν
1064 4329 1089 4377 δὲ
1101 4327 1167 4386 ἡμῶν
1178 4327 1288 4376 εὐκολίαν
1299 4324 1406 4385 οὐδαμοῖς
1422 4329 1488 4377 δύνα-

282 4415 325 4462 τοῦ
336 4413 407 4472 νόμον
418 4412 574 4462 διδασκαλίας
585 4413 612 4462 οὐ
622 4413 729 4471 δύναμαι.
910 4425 950 4458 τοι
961 4410 1069 4470 ἀφελεῖν,
1081 4407 1133 4470 ἥτις
1150 4409 1200 4458 ἀπὸ
1216 4411 1258 4469 τῆς
1275 4403 1420 4468 θνητότητοε
1436 4411 1486 4458 ἐνε-

316 4513 337 4555 ⁴·
376 4491 443 4558 quod
464 4492 553 4540 mntem
579 4498 630 4552 est,·
654 4492 779 4557 preculam,
802 4491 859 4551 διο]
909 4492 1002 4552 γένετο.
1499 4493 1502 4500 ’
