3332 5210
257 391 316 442 122
586 385 815 439 resono-nus
838 383 1131 439 MoesUEsTENus
1370 369 1409 454 [Ι.
1428 387 1462 450 4.

252 553 345 624 caelo
362 551 529 624 morantes
541 551 837 641 'participabimus'
865 555 954 624 dixit
975 566 1119 642 nam'que
1135 555 1246 622 futura
1259 556 1315 622 illa
1327 559 1463 623 bona-

252 663 533 737 resurrectionem,
559 661 680 744 inquio,
702 671 737 724 et
757 659 852 724 illam·
870 679 956 741 quae
977 669 1057 723 tunc
1078 661 1141 723 erit
1168 659 1442 723 inmortalitatem
1453 678 1466 748 ς.

252 777 286 831 et
306 766 397 849 quod
420 765 487 828 iam
512 763 597 828 ultra
617 785 755 846 peccare
778 784 845 827 non
866 764 1058 860 poterimus,
1081 762 1139 826 sed
1161 763 1367 827 inuertibiles
1387 782 1462 845 per-

253 868 462 933 manebimus
489 869 523 930 in
553 867 659 931 bonis.
718 868 752 930 in
783 865 877 930 caelo
903 867 993 930 enim
1020 876 1264 943 conuersantes,
1292 867 1356 931 ista
1381 877 1461 930 tunc

221 982 473 1055 5expectamus
497 969 615 1033 adesse
642 969 738 1033 nobis
759 990 818 1052 per
837 969 981 1052 Spiritus
1003 971 1156 1052 gratiam.
1207 970 1291 1035 sicut
1314 972 1401 1034 enim
1426 971 1460 1034 in

254 1072 396 1155 epistola
416 1070 472 1135 illa
494 1091 596 1152 quam
623 1073 755 1154 scripsit
781 1071 824 1135 ad
850 1069 1041 1137 Corinthios
1066 1092 1165 1153 super
1189 1071 1461 1136 resurrectionem

254 1175 429 1257 disputans
455 1175 581 1238 dixisse
605 1175 738 1238 uidetur
759 1175 917 1258 quoniam
943 1195 1062 1257 corpus
1087 1184 1237 1238 nostrum
1263 1177 1463 1239 ‘seminatur

255 1279 390 1361 quidem
407 1279 440 1341 in
457 1279 667 1361 corruptione
683 1288 716 1342 et
728 1278 938 1361 ignobilitate
950 1289 984 1342 et
1001 1279 1207 1358 infirmitate;
1223 1291 1336 1362 surget
1349 1289 1461 1344 autern

256 1381 289 1443 in
309 1379 529 1463 incorruptela
549 1390 582 1444 et
600 1380 726 1445 honore
747 1391 781 1444 et
803 1381 928 1444 uirtute
940 1382 960 1458 ;'
984 1381 1126 1444 adiecit:
1150 1381 1333 1446 seminatur
1352 1394 1463 1466 corpus

204 1492 244 1541 10
254 1481 404 1558 animale,
426 1492 538 1564 surget
558 1491 669 1563 corpus
691 1482 858 1564 spiritale,·
885 1482 919 1545 in
944 1481 1039 1546 illum
1061 1492 1180 1546 cuncta
1201 1485 1402 1561 coadunans,
1427 1484 1462 1547 id
1484 1477 1490 1490 ’

256 1592 315 1658 est,
338 1582 564 1666 Spiritumex
583 1603 651 1666 quo
673 1584 787 1646 omnia
810 1583 907 1647 nobis
922 1584 986 1648 ista
1003 1584 1152 1647 aderunt.
1197 1585 1335 1649 undeet
1350 1585 1412 1648 hoc
1429 1586 1462 1648 in

256 1686 339 1762 loco,
363 1687 398 1750 in
417 1687 507 1751 omni
521 1686 728 1751 bemdictiom
742 1687 864 1762 dicens,
877 1685 1028 1769 spiritali
1037 1687 1165 1764 adiecit,
1179 1684 1225 1752 ad¹
1238 1687 1462 1752 ostensionem

256 1788 335 1870 quia
351 1789 464 1852 omnia
479 1787 575 1852 nobis
591 1788 680 1852 bona
696 1789 837 1852 aderunt
851 1799 931 1852 tune
947 1810 1005 1872 per
1022 1787 1192 1872 Spiritum.

322 1901 356 1953 et
371 1891 529 1972 quoniam
546 1909 670 1973 magna
685 1899 783 1954 erunt
803 1900 872 1954 tam
896 1889 954 1953 illa
974 1910 1060 1971 quae
1082 1889 1245 1973 promissa
1266 1901 1344 1954 sunt
1361 1911 1464 1974 quam

205 2007 241 2074 15
258 2011 343 2074 quae
364 1999 593 2074 expectantur,
615 1990 791 2056 uidebatur
809 2001 922 2056 autem
947 1992 1019 2074 ipsa
1043 1993 1174 2055 nouitas
1191 2013 1299 2054 rerum
1316 2003 1463 2056 mentem
1509 2043 1519 2058 .

258 2093 400 2169 turbare,
433 2102 636 2176 quapropter
662 2113 729 2156 non
763 2104 842 2158 ante
876 2091 1018 2157 multum
1049 2094 1210 2175 temporis
1239 2103 1334 2157 tanta
1368 2094 1464 2157 nobis

258 2195 425 2271 donasset,
449 2195 508 2258 sed
538 2216 647 2279 neque
673 2195 816 2259 dixisset
839 2204 953 2278 aperte
977 2213 1064 2277 quae
1091 2205 1168 2258 sunt
1192 2194 1269 2258 illae
1300 2195 1464 2276 spiritales

258 2294 522 2375 benedictiones;
546 2295 645 2359 simul
672 2297 774 2360 etiam
797 2296 839 2359 de
861 2297 1010 2359 nouitate
1029 2295 1236 2360 satisfaciens
1257 2304 1290 2358 et
1311 2296 1466 2360 benedic·

258 2397 366 2460 tiones
382 2397 471 2478 ipsas
487 2398 693 2461 manifestius
709 2397 905 2481 explanans,
922 2397 1057 2461 adiecit:

204 2597 248 2648 20
323 2569 407 2634 siml
419 2569 514 2653 clegit
527 2591 584 2633 nos
598 2569 634 2633 in
649 2568 715 2650 ipso
728 2579 804 2633 ante
817 2568 1072 2633 constitutionem
1088 2567 1212 2644 mundi,
1228 2589 1293 2632 esse
1306 2591 1363 2634 nos
1376 2590 1466 2632 sanc·

259 2681 352 2736 toret
365 2672 588 2736 immaculatos
601 2692 708 2735 coram
723 2692 765 2736 eo.

325 2808 423 2873 ‘olim
456 2806 589 2892 (inquit)
614 2817 649 2872 et
672 2817 751 2871 ante
777 2805 894 2869 mundi
919 2805 1022 2869 totius
1049 2802 1208 2868 fabricam
1233 2803 1320 2868 hanc
1344 2801 1467 2866 fecerat

260 2909 553 2993 dispensationem,
570 2908 753 2972 secundum
769 2927 864 2971 suam
880 2907 1144 2990 praescientiam,
1162 2925 1340 2989 segregans
1357 2924 1417 2967 nos
1433 2903 1466 2966 in

261 3013 414 3092 Christo;
438 3023 475 3077 ut
490 3013 587 3096 potiti
604 3013 673 3076 eius
689 3012 779 3075 bona
795 3013 827 3074 in
844 3012 1022 3075 sanctitate
1037 3029 1295 3092 permaneamus
1311 3008 1468 3091 perlecta,

204 3130 245 3197 25
261 3117 387 3181 nullam
411 3117 578 3181 maculam
602 3125 815 3199 peccatorum
841 3114 928 3178 ultra
955 3114 1194 3194 suscipientes3
1218 3113 1278 3176 sed
1304 3121 1340 3175 ut
1365 3111 1469 3173 simus

261 3218 444 3282 secundum
468 3219 538 3281 eius
557 3217 788 3300 probationem
812 3224 847 3279 et
870 3216 1040 3279 decretum
1064 3217 1136 3278 sine
1157 3213 1224 3277 ulla
1245 3211 1360 3295 culpa!
1404 3209 1470 3273 hoc

262 3322 351 3384 enim
369 3321 451 3385 dicit
471 3342 579 3384 coram
598 3341 657 3395 eo,·
680 3329 717 3383 ut
741 3319 839 3396 dicat,
867 3319 983 3383 ‘ualde
1008 3318 1052 3381 ab
1079 3319 1170 3382 omni
1194 3317 1293 3400 culpa
1319 3315 1469 3382 securos!

262 3443 339 3486 uere
369 3423 458 3486 enim
492 3422 549 3486 ille
582 3431 634 3487 est
667 3422 759 3485 omni
789 3423 997 3486 excusationi
1034 3421 1191 3505 superior,
1225 3440 1470 3504 quemcumque

261 3522 363 3587 talem
379 3545 452 3588 esse
467 3523 649 3588 decreuerit
666 3523 767 3587 Deus,
811 3544 890 3587 nam
912 3523 1002 3606 quod
1025 3523 1114 3600 dicit,
1135 3522 1249 3605 elegit,·
1273 3523 1307 3585 id
1330 3531 1389 3598 est,
1409 3519 1470 3584 ‘ad

208 3649 251 3718 30
263 3629 325 3694 hoc
341 3629 546 3713 segregauit’
590 3638 625 3693 et
650 3627 739 3711 quod
767 3627 856 3704 dicit,
885 3627 920 3691 in
945 3627 1034 3708 ipsa·
1058 3626 1191 3690 Christo
1209 3625 1299 3703 dicit,
1321 3647 1361 3688 eo
1380 3623 1470 3706 quod

314 3779 584 3846 rparticipauimusC
681 3777 789 3842 uinquo
803 3777 858 3829 CH
955 3778 1167 3828 BautemomH
1257 3792 1288 3827 ro
1303 3775 1471 3826 adunansH‘

265 3873 293 3925 η
310 3862 402 3912 bened.
418 3861 525 3927 spir.H
594 3876 625 3925 ²3
642 3859 853 3925 praesentiens!
920 3861 951 3909 28
968 3856 1371 3924 illumlnflquemc.)addC*H
1440 3869 1472 3922 29

262 3947 373 3997 decreuit
384 3945 418 3996 H
428 3943 432 4010 Ι
446 3944 528 3994 adhuc
540 3941 574 3992 H

262 4071 308 4122 set.
323 4079 404 4130 neque
419 4069 503 4128 aperte
521 4061 623 4112 dixisset
639 4076 703 4126 qnae
718 4059 767 4110 siut
784 4058 843 4109 illae
893 4057 925 4124 (q.
940 4057 976 4123 v.)
989 4060 1084 4109 endon
1097 4073 1108 4108 r
1122 4059 1188 4109 Tim.
1203 4057 1219 4108 i.
1238 4071 1274 4108 ro.

263 4147 386 4211 spiritales
405 4145 600 4204 benedictiones,
623 4143 722 4208 utrique
741 4157 842 4207 respon·
928 4153 965 4188 ro.
999 4137 1153 4199 coadunant]
1171 4137 1280 4196 R'dnsch,
1292 4137 1368 4196 Itala,
1379 4151 1404 4200 p.
1416 4147 1473 4198 207.

263 4227 306 4276 det
318 4223 429 4276 dicens.’'
928 4233 966 4282 15.
1001 4219 1101 4268 nutritas
1132 4219 1228 4280 rerum]
1267 4218 1360 4268 Thura
1389 4216 1475 4274 ἐπειδὴ

297 4309 320 4358 8.
355 4304 451 4370 surget]
478 4305 613 4368 ἐγείρεται
634 4303 749 4367 soVulg.
781 4301 843 4352 This
893 4299 919 4348 δέ
938 4316 999 4349 τινες
1016 4297 1188 4361 ὑπελάμβανον
1205 4298 1349 4359 πρόσφατον
1368 4296 1428 4345 εἶναι
1443 4297 1474 4345 τὸ

263 4385 366 4436 citation
383 4385 457 4450 (from
472 4401 481 4436 r
496 4385 555 4435 Cor.
572 4401 611 4433 nv.
631 4379 739 4446 42-44)
757 4397 843 4431 occurs
893 4379 1172 4443 κήρυγμα...δ,ναγκαίωι
1193 4380 1233 4429 rel
1255 4381 1309 4441 περὶ
1331 4379 1418 4428 τούτου
1440 4378 1473 4426 δι-

263 4467 336 4531 again
355 4467 381 4516 in
400 4466 443 4516 the
462 4481 552 4516 comm.
574 4480 606 4514 on
630 4481 639 4514 1
660 4465 748 4514 Thess.
771 4463 803 4512 iv.
827 4465 842 4513 8
894 4461 984 4510 δάσκει.
