3332 5210
155 338 211 404 IV.
229 341 356 420 31-V.
374 341 414 426 3.]
557 355 598 406 m
623 357 675 410 er.
698 357 749 408 no
773 356 949 410 cncnms

217 529 332 611 itaque,
339 527 480 610 fratres,
501 547 563 590 non
577 547 691 590 scurrus
704 525 843 590 ancillae
855 523 933 607 filii,
949 523 1007 589 sed
1018 522 1143 589 liberae.

218 654 270 718 cui
286 653 377 718 dicto
393 655 495 719 etiam
512 652 781 718 exhortationem
805 654 991 718 connectit:

219 787 365 852 libertate
385 809 450 871 qua
474 809 530 852 nos
562 787 713 855 Christus
739 789 895 855 liberauit
924 797 1015 864 state,
1051 797 1083 852 et
1116 787 1215 852 nolite
1242 787 1361 852 iterum

154 888 229 972 iugo
243 892 413 956 seruitutis
426 891 545 958 obduci.

220 1026 264 1090 ab
288 1027 351 1092 illis
372 1050 458 1111 quae
478 1038 612 1093 ostensa
634 1036 712 1092 sunt
733 1027 777 1092 ab
798 1048 838 1092 eo
856 1025 1126 1093 exhortationem
1148 1025 1281 1105 faciens,
1301 1032 1363 1092 ‘ne
1401 1042 1415 1110 5

157 1130 290 1215 (inquit)
314 1153 336 1196 a
351 1131 498 1196 libertate
510 1153 576 1216 qua
591 1153 651 1196 uos
669 1130 820 1198 Christus
834 1131 988 1197 liberauit
1002 1131 1219 1208 discedentes
1241 1131 1370 1198 iterum·

156 1254 217 1298 uos
232 1235 295 1298 sub
310 1235 387 1318 iugo
405 1235 576 1300 sarmatis
596 1235 767 1320 legitimae
788 1236 1015 1302 constituatis.¹

223 1347 256 1402 et
269 1338 354 1403 ultra
367 1339 538 1404 confidens
552 1347 586 1402 et
597 1337 802 1402 multitudini
819 1337 877 1422 [et]
892 1339 1115 1422 magnitudini
1127 1338 1362 1423 probationum

157 1463 243 1526 quae
259 1441 384 1506 nullam
408 1441 670 1507 controuersiam
694 1443 921 1506 admittebant
944 1442 1022 1524 (alia
1042 1443 1178 1526 quidem
1198 1465 1243 1508 ex
1265 1444 1364 1508 rebus

158 1545 350 1628 perspicuis,
382 1544 448 1610 alia
479 1567 558 1609 uero
588 1546 631 1609 de
661 1545 784 1608 diuinis
814 1554 950 1627 sumpta
979 1545 1158 1628 scripturis,
1189 1544 1255 1609 alia
1284 1565 1364 1608 uero
1383 1565 1421 1612 10

158 1647 301 1726 aliunde,
324 1649 437 1714 omnia
462 1658 574 1714 autem
602 1669 733 1712 summe
759 1668 919 1731 expressa
943 1647 1186 1730 habebantur);
1217 1648 1299 1714 dicit
1330 1650 1362 1712 in

158 1751 445 1832 subsequentibus,
461 1751 557 1834 quasi
573 1751 616 1814 de
631 1751 730 1814 rebus
746 1750 893 1814 indubiis
908 1751 1187 1816 contestationem
1204 1749 1348 1816 faciens:

224 1931 286 1972 ecce
313 1931 369 1992 ego
398 1909 528 1974 Pacilus
557 1908 626 1974 dico
656 1907 747 1974 uobis
773 1907 927 1992 quoniam
952 1907 985 1974 si
1013 1907 1301 1986 circumcidamini,
1329 1908 1365 1972 in

163 2008 290 2076 Christo
305 2012 395 2075 uobis
410 2003 499 2074 rir'lril
514 2010 671 2093 proderit.

225 2138 310 2202 bene
326 2138 457 2222 posuit:
486 2159 548 2201 ecce
567 2158 622 2221 ego
642 2137 780 2210 Paulus,
797 2138 892 2220 quasi
913 2135 1086 2201 confidens
1110 2155 1211 2217 super
1225 2133 1365 2199 'contes-
1384 2149 1419 2216 15

161 2241 298 2304 tationis
320 2239 428 2318 laetae
455 2240 624 2314 iustitiam,
650 2248 684 2303 et
708 2240 799 2322 quod
830 2258 1012 2321 numquam
1044 2237 1155 2319 negari
1186 2237 1292 2319 possit
1322 2237 1366 2300 ob

161 2365 269 2407 rerum
287 2346 471 2407 ueritatem.
518 2344 719 2409 ‘circumcisi
744 2344 843 2420 enim,
868 2364 888 2407 a
910 2341 1043 2409 Christo
1071 2340 1153 2404 nihil
1180 2342 1367 2424 expectetis

161 2447 342 2528 percipere,
373 2467 414 2509 eo
443 2447 534 2528 quod
563 2466 623 2510 nec
654 2455 705 2510 est
736 2447 832 2509 uobis
863 2446 906 2509 ad
937 2465 1014 2508 eum
1045 2443 1131 2507 ultra
1155 2443 1369 2508 communio:

162 2546 283 2609 deinde
299 2547 389 2629 quod
405 2545 484 2611 lecit
500 2549 534 2610 in
550 2547 763 2631 praecedenti
780 2547 925 2630 negotiu,
940 2547 1035 2629 ponit
1052 2546 1134 2609 illud
1151 2554 1184 2611 et
1200 2567 1302 2611 uoce:

228 2699 378 2784 testificor
390 2709 498 2763 autem
519 2698 637 2764 iterum
652 2699 743 2764 ortui
755 2699 882 2764 lumini
901 2698 1141 2763 circumcidenti
1160 2721 1200 2776 sc,
1216 2699 1368 2782 qnoniam
1383 2716 1426 2763 20

162 2800 288 2865 debitor
298 2813 346 2867 cst
359 2811 459 2868 totam
474 2803 572 2886 legem
588 2802 726 2885 implere.
869 2789 871 2796 ¹

195 2931 198 2938 ¹
229 2968 306 3012 nam
336 2947 427 3030 quod
458 2946 566 3010 dixit:
597 2946 755 3030 testificor,
783 2944 957 3009 euidenter
987 2944 1020 3008 id
1048 2945 1169 3028 posuit.
1215 2954 1248 3008 et
1278 2946 1369 3028 quod

163 3043 256 3113 dixit
266 3049 392 3126 iterum,
408 3049 610 3112 contestatio
625 3051 714 3112 enim
731 3056 765 3112 et
774 3047 857 3112 haec
873 3056 952 3124 erat,
965 3056 999 3110 et
1015 3046 1098 3109 illud
1114 3045 1204 3129 quod
1220 3048 1370 3130 superius

164 3152 270 3217 suerat
294 3151 436 3217 dictum:
471 3157 567 3215 ‘ecce
592 3151 724 3235 (inquit)
751 3161 784 3216 et
809 3151 899 3214 aliud
926 3157 1104 3226 contestor,
1128 3150 1286 3233 quoniam
1313 3152 1370 3234 qui

164 3256 369 3322 circumcidit
401 3275 438 3320 se
468 3256 636 3319 obnoxius
667 3264 719 3320 est
749 3253 887 3338 implere
914 3252 1023 3336 legem
1049 3273 1196 3317 omnem.
1244 3254 1370 3337 quare?
1386 3273 1424 3342 25

216 3427 230 3477 3
248 3413 370 3464 liberauit.
390 3421 454 3465 state
471 3415 505 3464 H
603 3417 618 3464 8
636 3423 660 3468 et
678 3413 704 3480 3⁰
720 3431 759 3466 om
779 3413 814 3464 C*
827 3414 860 3463 H
872 3429 901 3463 ac
923 3414 945 3464 C
962 3415 1035 3476 (corr)
1143 3429 1173 3464 ro
1188 3414 1327 3480 prospicuis
1344 3415 1377 3464 II

168 3511 194 3545 11
213 3496 371 3544 habebuntur
382 3497 416 3546 H
425 3495 429 3560 Ι
444 3496 520 3546 adicit
539 3493 595 3560 (sor
603 3497 674 3558 dicit)
690 3497 711 3547 C
783 3511 811 3558 13
828 3511 886 3546 ecce
897 3511 934 3544 om
946 3493 992 3544 Hl
1086 3510 1114 3557 14
1132 3494 1246 3545 Christus
1257 3495 1290 3544 H
1297 3497 1372 3556 (cerri

169 3575 198 3627 16
215 3593 304 3642 negare
319 3577 391 3628 C‘H
485 3592 515 3643 ¹9
532 3585 607 3643 ponet
623 3577 658 3628 C*
758 3591 789 3640 25
806 3593 907 3627 omnem
919 3577 999 3641 legem
1013 3577 1035 3628 C

203 3739 223 3774 ι.
248 3739 299 3772 non
309 3739 402 3785 ninius,
413 3723 470 3786 &c.]
482 3725 531 3774 Th.
540 3725 600 3776 read
608 3727 658 3776 and
669 3741 745 3790 punc·
797 3723 885 3788 ported
896 3723 930 3788 by
941 3723 983 3774 the
999 3721 1090 3774 Corbie
1108 3723 1164 3774 MS.
1179 3739 1207 3773 us
1223 3721 1280 3774 well
1296 3739 1324 3774 us
1340 3725 1374 3789 by

168 3807 253 3856 tuated
274 3823 302 3856 ss
324 3806 438 3858 follows:
462 3810 505 3856 οὐκ
525 3805 599 3867 iunii
619 3811 747 3869 παιδίσκης
797 3807 839 3856 the
857 3805 909 3856 first
928 3807 995 3856 band
1017 3805 1046 3856 ol
1061 3805 1109 3856 H:
1132 3821 1173 3856 see
1190 3822 1229 3856 vv.
1246 3806 1274 3854 ll.
1309 3808 1333 3857 It
1354 3808 1375 3857 is

167 3889 249 3950 τέκνα,
264 3888 387 3948 lintris
404 3886 538 3951 ἐλευθέρας.
574 3891 606 3952 τῇ
624 3893 746 3953 ἐλευθερίᾳ
796 3889 901 3940 difficult
910 3900 936 3940 to
947 3897 1053 3939 account
1065 3887 1102 3940 lor
1113 3887 1162 3938 this
1174 3888 1376 3954 reading,unless

168 3969 185 4032 ἦ
202 3969 264 4038 ἡμεῖς
280 3969 386 4032 Χριστὸς
402 3971 566 4033 ἠλευθέρωσεν
581 3973 692 4032 στήκετε,
707 3973 747 4020 καὶ
798 3991 835 4025 we
851 3989 959 4038 suppose
974 3973 1028 4022 that
1045 3972 1087 4022 the
1103 3973 1183 4022 scribe
1199 3989 1228 4023 or
1245 3973 1377 4024 translator

166 4051 287 4112 μὴεάλιν
298 4052 480 4114 Μῷδουλεὶεε
494 4050 613 4114 ἐνέχεσθε.
649 4053 697 4104 See
709 4052 748 4102 Dr
797 4054 847 4104 had
864 4054 903 4104 his
916 4069 962 4119 eye
977 4069 1046 4118 upon
1061 4069 1084 4104 v.
1104 4051 1209 4117 6insra
1224 4050 1259 4113 (ἐν
1269 4053 1376 4116 γὰρΧρ.

168 4130 320 4198 Lightloot's
335 4149 462 4197 summory
472 4133 501 4183 ol
514 4134 556 4184 the
568 4135 666 4186 various
677 4135 747 4186 read·
797 4135 824 4188 Ἰ.
840 4135 894 4188 οὔτε
905 4138 1024 4202 περιτομή
1035 4154 1059 4186 τι
1070 4137 1156 4198 ἰαύει,
1171 4137 1265 4196 aab).

168 4214 306 4280 ingsinV.
322 4231 332 4264 1
347 4215 536 4282 (Galatrbm,p.
550 4217 616 4278 εοο).
832 4232 872 4268 no.
905 4217 1090 4267 circunm’denti
1105 4218 1139 4280 se]
1173 4217 1377 4280 περιτεμνομένῳ

204 4312 242 4361 13.
281 4299 309 4347 in
329 4299 427 4348 Christo
443 4316 469 4350 rc.
487 4317 513 4351 n.
528 4299 650 4364 proderit]
670 4301 745 4351 Card.
798 4315 827 4350 so
844 4300 888 4350 the
905 4299 973 4350 O.L.
993 4299 1044 4349 and
1060 4299 1144 4364 Vulg,
1159 4299 1221 4349 with
1237 4299 1303 4363 Aug.
1317 4301 1378 4349 Am·

170 4379 239 4429 Pitra
258 4379 322 4429 edits
344 4381 495 4433 Ckrr'srus...
502 4381 620 4446 proderit,
642 4381 687 4432 but
706 4382 750 4433 the
798 4383 871 4432 brstr.
900 4381 940 4432 Cf.
953 4381 1024 4446 infra
1035 4381 1062 4443 (l.
1078 4383 1128 4445 η),
1146 4381 1213 4446 “qui
1224 4381 1379 4432 circumcidit

169 4461 280 4526 singular
298 4463 466 4512 construction
484 4463 513 4512 in
533 4462 631 4513 Chn'sto
649 4462 670 4512 is
692 4479 748 4530 sup·
799 4463 850 4514 se.'’
