<?xml version="1.0" encoding="UTF-8"?>
<!DOCTYPE html PUBLIC "-//W3C//DTD XHTML 1.0 Transitional//EN"
    "http://www.w3.org/TR/xhtml1/DTD/xhtml1-transitional.dtd">
<html xmlns="http://www.w3.org/1999/xhtml" xml:lang="en" lang="en">
 <head>
  <title>
</title>
<meta http-equiv="Content-Type" content="text/html;charset=utf-8" />
  <meta name='ocr-system' content='tesseract 3.04.00' />
  <meta name='ocr-capabilities' content='ocr_page ocr_carea ocr_par ocr_line ocrx_word'/>
</head>
<body>
  <div class='ocr_page' id='page_1' title='image "./theodoriepiscop01theogoog_0346.png"; bbox 0 0 3292 5206; ppageno 0'>
   <div class='ocr_carea' id='block_1_1' title="bbox 144 392 1354 478">
    <p class='ocr_par' dir='ltr' id='par_1_1' title="bbox 144 392 1354 478">
     <span class='ocr_line' id='line_1_1' title="bbox 144 392 1354 478; baseline -0.006 -22"><span class='ocrx_word' id='word_1_1' title='bbox 144 392 203 458; x_wconf 91' lang='lat' dir='ltr'>IV.</span> <span class='ocrx_word' id='word_1_2' title='bbox 222 394 326 478; x_wconf 89' lang='lat'><strong>3-6.]</strong></span> <span class='ocrx_word' id='word_1_3' title='bbox 506 403 548 456; x_wconf 85' lang='lat' dir='ltr'>ru</span> <span class='ocrx_word' id='word_1_4' title='bbox 573 405 625 458; x_wconf 78' lang='lat' dir='ltr'>aa.</span> <span class='ocrx_word' id='word_1_5' title='bbox 648 405 700 456; x_wconf 79' lang='lat' dir='ltr'>An</span> <span class='ocrx_word' id='word_1_6' title='bbox 724 399 995 454; x_wconf 77' lang='lat' dir='ltr'>amaremusas.</span> <span class='ocrx_word' id='word_1_7' title='bbox 1290 399 1354 466; x_wconf 88' lang='lat'>247</span> 
     </span>
    </p>
   </div>
   <div class='ocr_carea' id='block_1_2' title="bbox 144 571 1355 871">
    <p class='ocr_par' dir='ltr' id='par_1_2' title="bbox 144 571 1355 871">
     <span class='ocr_line' id='line_1_2' title="bbox 209 571 1352 660; baseline -0.007 -18"><span class='ocrx_word' id='word_1_8' title='bbox 209 577 346 642; x_wconf 90' lang='lat' dir='ltr'>euidens</span> <span class='ocrx_word' id='word_1_9' title='bbox 362 587 413 642; x_wconf 82' lang='lat' dir='ltr'>est</span> <span class='ocrx_word' id='word_1_10' title='bbox 428 577 586 660; x_wconf 89' lang='lat' dir='ltr'>quoniam</span> <span class='ocrx_word' id='word_1_11' title='bbox 608 575 729 641; x_wconf 87' lang='lat' dir='ltr'>alicubi</span> <span class='ocrx_word' id='word_1_12' title='bbox 745 575 809 639; x_wconf 91' lang='lat' dir='ltr'>iter</span> <span class='ocrx_word' id='word_1_13' title='bbox 826 575 897 638; x_wconf 88' lang='lat' dir='ltr'>eius</span> <span class='ocrx_word' id='word_1_14' title='bbox 919 582 1053 638; x_wconf 88' lang='lat' dir='ltr'>secutae</span> <span class='ocrx_word' id='word_1_15' title='bbox 1074 579 1160 650; x_wconf 89' lang='lat' dir='ltr'>sunt,</span> <span class='ocrx_word' id='word_1_16' title='bbox 1182 579 1217 638; x_wconf 89' lang='lat' dir='ltr'>et</span> <span class='ocrx_word' id='word_1_17' title='bbox 1238 571 1352 636; x_wconf 91' lang='lat' dir='ltr'>minis-</span> 
     </span>
     <span class='ocr_line' id='line_1_3' title="bbox 144 678 1355 763; baseline -0.002 -17"><span class='ocrx_word' id='word_1_18' title='bbox 144 690 316 746; x_wconf 89' lang='lat' dir='ltr'>trauerunt</span> <span class='ocrx_word' id='word_1_19' title='bbox 347 682 376 744; x_wconf 90' lang='lat' dir='ltr'>ei</span> <span class='ocrx_word' id='word_1_20' title='bbox 411 682 564 763; x_wconf 87' lang='lat' dir='ltr'>implenti</span> <span class='ocrx_word' id='word_1_21' title='bbox 595 680 782 744; x_wconf 84' lang='lat' dir='ltr'>doctrinam</span> <span class='ocrx_word' id='word_1_22' title='bbox 812 678 955 762; x_wconf 89' lang='lat' dir='ltr'>pietatis.</span> <span class='ocrx_word' id='word_1_23' title='bbox 1011 684 1046 742; x_wconf 90' lang='lat' dir='ltr'>et</span> <span class='ocrx_word' id='word_1_24' title='bbox 1072 686 1110 742; x_wconf 91' lang='lat' dir='ltr'>ut</span> <span class='ocrx_word' id='word_1_25' title='bbox 1135 698 1177 742; x_wconf 88' lang='lat' dir='ltr'>ne</span> <span class='ocrx_word' id='word_1_26' title='bbox 1202 678 1355 743; x_wconf 91' lang='lat' dir='ltr'>uideatur</span> 
     </span>
     <span class='ocr_line' id='line_1_4' title="bbox 145 784 868 871; baseline -0.006 -21"><span class='ocrx_word' id='word_1_27' title='bbox 145 807 262 871; x_wconf 90' lang='lat' dir='ltr'>puram</span> <span class='ocrx_word' id='word_1_28' title='bbox 279 785 448 868; x_wconf 91' lang='lat' dir='ltr'>quandam</span> <span class='ocrx_word' id='word_1_29' title='bbox 464 785 573 849; x_wconf 86' lang='lat' dir='ltr'>dicere</span> <span class='ocrx_word' id='word_1_30' title='bbox 588 784 868 849; x_wconf 84' lang='lat' dir='ltr'>decertationem:</span> 
     </span>
    </p>
   </div>
   <div class='ocr_carea' id='block_1_3' title="bbox 146 924 1407 1101">
    <p class='ocr_par' dir='ltr' id='par_1_3' title="bbox 146 924 1407 1101">
     <span class='ocr_line' id='line_1_5' title="bbox 209 924 1355 1010; baseline -0.001 -20"><span class='ocrx_word' id='word_1_31' title='bbox 209 947 281 991; x_wconf 82' lang='lat' dir='ltr'>cum</span> <span class='ocrx_word' id='word_1_32' title='bbox 296 926 451 993; x_wconf 80' lang='lat' dir='ltr'><em>Clemente</em></span> <span class='ocrx_word' id='word_1_33' title='bbox 464 936 496 991; x_wconf 85' lang='lat' dir='ltr'>ct</span> <span class='ocrx_word' id='word_1_34' title='bbox 508 926 617 991; x_wconf 81' lang='lat' dir='ltr'>celcris</span> <span class='ocrx_word' id='word_1_35' title='bbox 630 925 820 1010; x_wconf 78' lang='lat' dir='ltr'>cooperariis</span> <span class='ocrx_word' id='word_1_36' title='bbox 833 926 920 1004; x_wconf 84' lang='lat' dir='ltr'>mcr&#39;s,</span> <span class='ocrx_word' id='word_1_37' title='bbox 932 946 1069 1010; x_wconf 86' lang='lat' dir='ltr'>quorum</span> <span class='ocrx_word' id='word_1_38' title='bbox 1085 924 1218 991; x_wconf 85' lang='lat' dir='ltr'>nomino</span> <span class='ocrx_word' id='word_1_39' title='bbox 1227 937 1305 992; x_wconf 74' lang='lat' dir='ltr'>suaet</span> <span class='ocrx_word' id='word_1_40' title='bbox 1318 926 1355 990; x_wconf 84' lang='lat' dir='ltr'>in</span> 
     </span>
     <span class='ocr_line' id='line_1_6' title="bbox 146 1031 1407 1101; baseline 0.004 -5"><span class='ocrx_word' id='word_1_41' title='bbox 146 1032 228 1096; x_wconf 84' lang='lat' dir='ltr'>libro</span> <span class='ocrx_word' id='word_1_42' title='bbox 242 1031 336 1096; x_wconf 83' lang='lat' dir='ltr'>uitae.</span> <span class='ocrx_word' id='word_1_43' title='bbox 1392 1033 1407 1101; x_wconf 84' lang='grc'>5</span> 
     </span>
    </p>
   </div>
   <div class='ocr_carea' id='block_1_4' title="bbox 147 1149 1414 1984">
    <p class='ocr_par' dir='ltr' id='par_1_4' title="bbox 147 1149 1414 1829">
     <span class='ocr_line' id='line_1_7' title="bbox 210 1149 1355 1228; baseline 0.004 -16"><span class='ocrx_word' id='word_1_44' title='bbox 210 1149 274 1214; x_wconf 93' lang='lat' dir='ltr'>hoc</span> <span class='ocrx_word' id='word_1_45' title='bbox 290 1159 348 1228; x_wconf 90' lang='lat' dir='ltr'>est,</span> <span class='ocrx_word' id='word_1_46' title='bbox 366 1149 535 1214; x_wconf 88' lang='lat' dir='ltr'>‘similiter</span> <span class='ocrx_word' id='word_1_47' title='bbox 549 1150 634 1214; x_wconf 92' lang='lat' dir='ltr'>sicut</span> <span class='ocrx_word' id='word_1_48' title='bbox 650 1150 695 1215; x_wconf 92' lang='lat' dir='ltr'>illi</span> <span class='ocrx_word' id='word_1_49' title='bbox 708 1150 1007 1216; x_wconf 90' lang='lat' dir='ltr'>conlaborauerunt</span> <span class='ocrx_word' id='word_1_50' title='bbox 1017 1152 1099 1216; x_wconf 93' lang='lat' dir='ltr'>mihi</span> <span class='ocrx_word' id='word_1_51' title='bbox 1111 1152 1154 1216; x_wconf 91' lang='lat' dir='ltr'>ad</span> <span class='ocrx_word' id='word_1_52' title='bbox 1167 1151 1355 1218; x_wconf 82' lang='lat' dir='ltr'>doctrinam</span> 
     </span>
     <span class='ocr_line' id='line_1_8' title="bbox 148 1251 1356 1337; baseline 0.003 -23"><span class='ocrx_word' id='word_1_53' title='bbox 148 1252 298 1334; x_wconf 66' lang='lat' dir='ltr'>pietatis?</span> <span class='ocrx_word' id='word_1_54' title='bbox 343 1253 480 1316; x_wconf 89' lang='lat' dir='ltr'>euidens</span> <span class='ocrx_word' id='word_1_55' title='bbox 507 1261 559 1316; x_wconf 90' lang='lat' dir='ltr'>est</span> <span class='ocrx_word' id='word_1_56' title='bbox 584 1255 671 1316; x_wconf 91' lang='lat' dir='ltr'>enim</span> <span class='ocrx_word' id='word_1_57' title='bbox 699 1251 776 1316; x_wconf 91' lang='lat' dir='ltr'>hinc</span> <span class='ocrx_word' id='word_1_58' title='bbox 801 1255 902 1318; x_wconf 91' lang='lat' dir='ltr'>etiam</span> <span class='ocrx_word' id='word_1_59' title='bbox 928 1253 1008 1318; x_wconf 95' lang='lat' dir='ltr'>illud</span> <span class='ocrx_word' id='word_1_60' title='bbox 1035 1254 1193 1337; x_wconf 89' lang='lat' dir='ltr'>quoniam</span> <span class='ocrx_word' id='word_1_61' title='bbox 1220 1253 1356 1337; x_wconf 91' lang='lat' dir='ltr'>quando</span> 
     </span>
     <span class='ocr_line' id='line_1_9' title="bbox 147 1355 1356 1440; baseline 0.002 -22"><span class='ocrx_word' id='word_1_62' title='bbox 147 1357 229 1420; x_wconf 92' lang='lat' dir='ltr'>dicit</span> <span class='ocrx_word' id='word_1_63' title='bbox 252 1357 294 1420; x_wconf 89' lang='lat' dir='ltr'>ad</span> <span class='ocrx_word' id='word_1_64' title='bbox 324 1355 531 1421; x_wconf 87' lang='lat' dir='ltr'>Corinthios:</span> <span class='ocrx_word' id='word_1_65' title='bbox 562 1356 724 1439; x_wconf 84' lang='lat' dir='ltr'>numquid</span> <span class='ocrx_word' id='word_1_66' title='bbox 746 1378 809 1420; x_wconf 81' lang='lat' dir='ltr'>non</span> <span class='ocrx_word' id='word_1_67' title='bbox 833 1357 986 1422; x_wconf 80' lang='lat' dir='ltr'>labemus</span> <span class='ocrx_word' id='word_1_68' title='bbox 1006 1367 1195 1440; x_wconf 80' lang='lat' dir='ltr'>potestatem</span> <span class='ocrx_word' id='word_1_69' title='bbox 1217 1377 1356 1422; x_wconf 85' lang='lat' dir='ltr'>sororem</span> 
     </span>
     <span class='ocr_line' id='line_1_10' title="bbox 147 1457 1356 1542; baseline 0.002 -23"><span class='ocrx_word' id='word_1_70' title='bbox 147 1457 314 1521; x_wconf 71' lang='lat' dir='ltr'>molliorem</span> <span class='ocrx_word' id='word_1_71' title='bbox 328 1458 587 1522; x_wconf 80' lang='lat' dir='ltr'><em>circumducere?</em></span> <span class='ocrx_word' id='word_1_72' title='bbox 623 1478 690 1521; x_wconf 92' lang='lat' dir='ltr'>non</span> <span class='ocrx_word' id='word_1_73' title='bbox 706 1459 785 1542; x_wconf 92' lang='lat' dir='ltr'>quia</span> <span class='ocrx_word' id='word_1_74' title='bbox 800 1481 982 1542; x_wconf 88' lang='lat' dir='ltr'><strong>numquam</strong></span> <span class='ocrx_word' id='word_1_75' title='bbox 996 1459 1256 1525; x_wconf 85' lang='lat' dir='ltr'>circumduxerit</span> <span class='ocrx_word' id='word_1_76' title='bbox 1267 1460 1356 1536; x_wconf 90' lang='lat' dir='ltr'>dicit,</span> 
     </span>
     <span class='ocr_line' id='line_1_11' title="bbox 147 1560 1414 1644; baseline -0.001 -22"><span class='ocrx_word' id='word_1_77' title='bbox 147 1560 207 1622; x_wconf 89' lang='lat' dir='ltr'>sed</span> <span class='ocrx_word' id='word_1_78' title='bbox 237 1562 315 1642; x_wconf 89' lang='lat' dir='ltr'>quia</span> <span class='ocrx_word' id='word_1_79' title='bbox 343 1580 409 1623; x_wconf 91' lang='lat' dir='ltr'>non</span> <span class='ocrx_word' id='word_1_80' title='bbox 436 1581 587 1644; x_wconf 70' lang='lat' dir='ltr'>semper:</span> <span class='ocrx_word' id='word_1_81' title='bbox 618 1562 709 1644; x_wconf 94' lang='lat' dir='ltr'>quod</span> <span class='ocrx_word' id='word_1_82' title='bbox 739 1570 773 1624; x_wconf 89' lang='lat' dir='ltr'>et</span> <span class='ocrx_word' id='word_1_83' title='bbox 796 1563 925 1626; x_wconf 88' lang='lat' dir='ltr'>cautius</span> <span class='ocrx_word' id='word_1_84' title='bbox 950 1562 1046 1626; x_wconf 91' lang='lat' dir='ltr'>nobis</span> <span class='ocrx_word' id='word_1_85' title='bbox 1070 1570 1222 1625; x_wconf 90' lang='lat' dir='ltr'>notatum</span> <span class='ocrx_word' id='word_1_86' title='bbox 1248 1568 1298 1624; x_wconf 92' lang='lat' dir='ltr'>est</span> <span class='ocrx_word' id='word_1_87' title='bbox 1323 1567 1357 1623; x_wconf 91' lang='lat' dir='ltr'>et</span> <span class='ocrx_word' id='word_1_88' title='bbox 1374 1572 1414 1621; x_wconf 93' lang='lat'>10</span> 
     </span>
     <span class='ocr_line' id='line_1_12' title="bbox 148 1664 1357 1747; baseline 0 -24"><span class='ocrx_word' id='word_1_89' title='bbox 148 1671 320 1726; x_wconf 91' lang='lat' dir='ltr'>ostensum</span> <span class='ocrx_word' id='word_1_90' title='bbox 335 1671 385 1726; x_wconf 88' lang='lat' dir='ltr'>est</span> <span class='ocrx_word' id='word_1_91' title='bbox 401 1664 434 1725; x_wconf 94' lang='lat' dir='ltr'>in</span> <span class='ocrx_word' id='word_1_92' title='bbox 450 1664 661 1746; x_wconf 88' lang='lat' dir='ltr'>expositione</span> <span class='ocrx_word' id='word_1_93' title='bbox 677 1664 779 1747; x_wconf 91' lang='lat' dir='ltr'>ipsius</span> <span class='ocrx_word' id='word_1_94' title='bbox 795 1664 964 1747; x_wconf 83' lang='lat' dir='ltr'>epistolae.</span> <span class='ocrx_word' id='word_1_95' title='bbox 1010 1673 1044 1727; x_wconf 91' lang='lat' dir='ltr'>et</span> <span class='ocrx_word' id='word_1_96' title='bbox 1060 1664 1179 1727; x_wconf 90' lang='lat' dir='ltr'>iterum</span> <span class='ocrx_word' id='word_1_97' title='bbox 1200 1669 1273 1725; x_wconf 91' lang='lat' dir='ltr'>orat</span> <span class='ocrx_word' id='word_1_98' title='bbox 1296 1680 1357 1743; x_wconf 93' lang='lat' dir='ltr'>pro</span> 
     </span>
     <span class='ocr_line' id='line_1_13' title="bbox 149 1765 231 1829; baseline 0.024 -2"><span class='ocrx_word' id='word_1_99' title='bbox 149 1765 231 1829; x_wconf 90' lang='lat' dir='ltr'>illis:</span> 
     </span>
    </p>

    <p class='ocr_par' dir='ltr' id='par_1_5' title="bbox 207 1898 1144 1984">
     <span class='ocr_line' id='line_1_14' title="bbox 207 1898 1144 1984; baseline 0.002 -23"><span class='ocrx_word' id='word_1_100' title='bbox 207 1898 347 1980; x_wconf 80' lang='lat' dir='ltr'>gaccdcte</span> <span class='ocrx_word' id='word_1_101' title='bbox 361 1898 396 1962; x_wconf 87' lang='lat' dir='ltr'>in</span> <span class='ocrx_word' id='word_1_102' title='bbox 411 1898 553 1963; x_wconf 82' lang='lat' dir='ltr'>Domino</span> <span class='ocrx_word' id='word_1_103' title='bbox 566 1911 688 1981; x_wconf 82' lang='lat' dir='ltr'>semper</span> <span class='ocrx_word' id='word_1_104' title='bbox 694 1923 710 1976; x_wconf 87' lang='lat'>,·</span> <span class='ocrx_word' id='word_1_105' title='bbox 732 1900 894 1964; x_wconf 85' lang='lat' dir='ltr'>etiterum</span> <span class='ocrx_word' id='word_1_106' title='bbox 910 1899 987 1976; x_wconf 83' lang='lat' dir='ltr'>dico,</span> <span class='ocrx_word' id='word_1_107' title='bbox 998 1899 1144 1984; x_wconf 80' lang='lat' dir='ltr'>gaccdctc.</span> 
     </span>
    </p>
   </div>
   <div class='ocr_carea' id='block_1_5' title="bbox 148 2014 1412 2308">
    <p class='ocr_par' dir='ltr' id='par_1_6' title="bbox 148 2014 1412 2308">
     <span class='ocr_line' id='line_1_15' title="bbox 214 2014 1358 2103; baseline -0.002 -23"><span class='ocrx_word' id='word_1_108' title='bbox 214 2018 278 2082; x_wconf 90' lang='lat' dir='ltr'>hoc</span> <span class='ocrx_word' id='word_1_109' title='bbox 301 2030 362 2098; x_wconf 92' lang='lat' dir='ltr'>est,</span> <span class='ocrx_word' id='word_1_110' title='bbox 383 2025 531 2102; x_wconf 88' lang='lat' dir='ltr'>‘semper</span> <span class='ocrx_word' id='word_1_111' title='bbox 548 2020 644 2084; x_wconf 88' lang='lat' dir='ltr'>uobis</span> <span class='ocrx_word' id='word_1_112' title='bbox 661 2019 742 2084; x_wconf 88' lang='lat' dir='ltr'>talia</span> <span class='ocrx_word' id='word_1_113' title='bbox 758 2020 871 2084; x_wconf 86' lang='lat' dir='ltr'>adsint</span> <span class='ocrx_word' id='word_1_114' title='bbox 885 2041 906 2084; x_wconf 87' lang='lat' dir='ltr'>a</span> <span class='ocrx_word' id='word_1_115' title='bbox 922 2021 1006 2096; x_wconf 91' lang='lat' dir='ltr'>Deo,</span> <span class='ocrx_word' id='word_1_116' title='bbox 1022 2039 1083 2103; x_wconf 87' lang='lat' dir='ltr'>pro</span> <span class='ocrx_word' id='word_1_117' title='bbox 1099 2017 1218 2101; x_wconf 92' lang='lat' dir='ltr'>quibus</span> <span class='ocrx_word' id='word_1_118' title='bbox 1233 2014 1358 2098; x_wconf 83' lang='lat' dir='ltr'>gaudio</span> 
     </span>
     <span class='ocr_line' id='line_1_16' title="bbox 148 2117 1412 2203; baseline 0 -19"><span class='ocrx_word' id='word_1_119' title='bbox 148 2120 283 2203; x_wconf 89' lang='lat' dir='ltr'>possitis</span> <span class='ocrx_word' id='word_1_120' title='bbox 314 2117 462 2202; x_wconf 90' lang='lat' dir='ltr'>impleri.&#39;</span> <span class='ocrx_word' id='word_1_121' title='bbox 520 2121 642 2184; x_wconf 89' lang='lat' dir='ltr'>deinde</span> <span class='ocrx_word' id='word_1_122' title='bbox 672 2130 706 2185; x_wconf 92' lang='lat' dir='ltr'>et</span> <span class='ocrx_word' id='word_1_123' title='bbox 736 2122 779 2185; x_wconf 89' lang='lat' dir='ltr'>ad</span> <span class='ocrx_word' id='word_1_124' title='bbox 804 2122 1073 2186; x_wconf 87' lang='lat' dir='ltr'>exhortationem</span> <span class='ocrx_word' id='word_1_125' title='bbox 1099 2120 1245 2194; x_wconf 90' lang='lat' dir='ltr'>uertitur,</span> <span class='ocrx_word' id='word_1_126' title='bbox 1273 2139 1358 2202; x_wconf 91' lang='lat' dir='ltr'>quae</span> <span class='ocrx_word' id='word_1_127' title='bbox 1377 2133 1412 2201; x_wconf 85' lang='lat'>15</span> 
     </span>
     <span class='ocr_line' id='line_1_17' title="bbox 149 2223 1286 2308; baseline -0.003 -19"><span class='ocrx_word' id='word_1_128' title='bbox 149 2224 292 2308; x_wconf 91' lang='lat' dir='ltr'>inaptari</span> <span class='ocrx_word' id='word_1_129' title='bbox 308 2232 439 2307; x_wconf 90' lang='lat' dir='ltr'>poterat</span> <span class='ocrx_word' id='word_1_130' title='bbox 454 2223 500 2286; x_wconf 93' lang='lat' dir='ltr'>illi</span> <span class='ocrx_word' id='word_1_131' title='bbox 517 2224 741 2290; x_wconf 82' lang='lat' dir='ltr'>exhortationi</span> <span class='ocrx_word' id='word_1_132' title='bbox 757 2245 842 2308; x_wconf 89' lang='lat' dir='ltr'>quae</span> <span class='ocrx_word' id='word_1_133' title='bbox 857 2224 1039 2290; x_wconf 88' lang='lat' dir='ltr'>humilitati</span> <span class='ocrx_word' id='word_1_134' title='bbox 1055 2224 1163 2288; x_wconf 88' lang='lat' dir='ltr'>suerat</span> <span class='ocrx_word' id='word_1_135' title='bbox 1178 2224 1286 2287; x_wconf 84' lang='lat' dir='ltr'>facta:</span> 
     </span>
    </p>
   </div>
   <div class='ocr_carea' id='block_1_6' title="bbox 214 2369 1024 2454">
    <p class='ocr_par' dir='ltr' id='par_1_7' title="bbox 214 2369 1024 2454">
     <span class='ocr_line' id='line_1_18' title="bbox 214 2369 1024 2454; baseline 0.001 -20"><span class='ocrx_word' id='word_1_136' title='bbox 214 2369 369 2435; x_wconf 88' lang='lat' dir='ltr'>modestia</span> <span class='ocrx_word' id='word_1_137' title='bbox 384 2379 493 2434; x_wconf 82' lang='lat' dir='ltr'>uestra</span> <span class='ocrx_word' id='word_1_138' title='bbox 508 2381 583 2434; x_wconf 76' lang='lat' dir='ltr'>crota</span> <span class='ocrx_word' id='word_1_139' title='bbox 589 2369 660 2454; x_wconf 87' lang='lat' dir='ltr'>fiat</span> <span class='ocrx_word' id='word_1_140' title='bbox 671 2369 820 2436; x_wconf 82' lang='lat' dir='ltr'>omnibus</span> <span class='ocrx_word' id='word_1_141' title='bbox 833 2369 1024 2435; x_wconf 78' lang='lat' dir='ltr'>luminibus,</span> 
     </span>
    </p>
   </div>
   <div class='ocr_carea' id='block_1_7' title="bbox 150 2491 1417 2764">
    <p class='ocr_par' dir='ltr' id='par_1_8' title="bbox 150 2491 1417 2764">
     <span class='ocr_line' id='line_1_19' title="bbox 216 2491 1358 2570; baseline -0.007 -14"><span class='ocrx_word' id='word_1_142' title='bbox 216 2493 318 2556; x_wconf 89' lang='lat' dir='ltr'>‘sicut</span> <span class='ocrx_word' id='word_1_143' title='bbox 333 2501 367 2555; x_wconf 89' lang='lat' dir='ltr'>et</span> <span class='ocrx_word' id='word_1_144' title='bbox 382 2512 442 2554; x_wconf 92' lang='lat' dir='ltr'>uos</span> <span class='ocrx_word' id='word_1_145' title='bbox 458 2491 535 2554; x_wconf 93' lang='lat' dir='ltr'>uolo</span> <span class='ocrx_word' id='word_1_146' title='bbox 551 2509 623 2555; x_wconf 89' lang='lat' dir='ltr'>esse</span> <span class='ocrx_word' id='word_1_147' title='bbox 639 2491 817 2566; x_wconf 90' lang='lat' dir='ltr'>modestos,</span> <span class='ocrx_word' id='word_1_148' title='bbox 833 2492 880 2554; x_wconf 91' lang='lat' dir='ltr'>ita</span> <span class='ocrx_word' id='word_1_149' title='bbox 901 2496 937 2553; x_wconf 92' lang='lat' dir='ltr'>ut</span> <span class='ocrx_word' id='word_1_150' title='bbox 958 2509 1074 2552; x_wconf 89' lang='lat' dir='ltr'>omnes</span> <span class='ocrx_word' id='word_1_151' title='bbox 1094 2507 1194 2570; x_wconf 91' lang='lat' dir='ltr'>super</span> <span class='ocrx_word' id='word_1_152' title='bbox 1213 2493 1358 2550; x_wconf 86' lang='lat' dir='ltr'>uestram</span> 
     </span>
     <span class='ocr_line' id='line_1_20' title="bbox 150 2590 1359 2678; baseline -0.006 -19"><span class='ocrx_word' id='word_1_153' title='bbox 150 2596 350 2660; x_wconf 89' lang='lat' dir='ltr'>modestiam</span> <span class='ocrx_word' id='word_1_154' title='bbox 366 2597 408 2658; x_wconf 89' lang='lat' dir='ltr'>de</span> <span class='ocrx_word' id='word_1_155' title='bbox 424 2595 519 2658; x_wconf 91' lang='lat' dir='ltr'>uobis</span> <span class='ocrx_word' id='word_1_156' title='bbox 535 2593 759 2678; x_wconf 70' lang='lat' dir='ltr'>gratulentur!</span> <span class='ocrx_word' id='word_1_157' title='bbox 805 2603 839 2658; x_wconf 88' lang='lat' dir='ltr'>et</span> <span class='ocrx_word' id='word_1_158' title='bbox 855 2595 1012 2677; x_wconf 92' lang='lat' dir='ltr'>quoniam</span> <span class='ocrx_word' id='word_1_159' title='bbox 1029 2593 1193 2657; x_wconf 91' lang='lat' dir='ltr'>modestia</span> <span class='ocrx_word' id='word_1_160' title='bbox 1209 2590 1359 2672; x_wconf 82' lang='lat' dir='ltr'>frequen-</span> 
     </span>
     <span class='ocr_line' id='line_1_21' title="bbox 150 2697 1417 2764; baseline -0.01 0"><span class='ocrx_word' id='word_1_161' title='bbox 150 2709 201 2764; x_wconf 83' lang='lat' dir='ltr'>ter</span> <span class='ocrx_word' id='word_1_162' title='bbox 216 2699 301 2762; x_wconf 91' lang='lat' dir='ltr'>solet</span> <span class='ocrx_word' id='word_1_163' title='bbox 317 2697 427 2761; x_wconf 89' lang='lat' dir='ltr'>noceri</span> <span class='ocrx_word' id='word_1_164' title='bbox 442 2699 582 2762; x_wconf 91' lang='lat' dir='ltr'>adiecit:</span> <span class='ocrx_word' id='word_1_165' title='bbox 1374 2704 1417 2751; x_wconf 90' lang='lat'>20</span> 
     </span>
    </p>
   </div>
   <div class='ocr_carea' id='block_1_8' title="bbox 216 2832 914 2916">
    <p class='ocr_par' dir='ltr' id='par_1_9' title="bbox 216 2832 914 2916">
     <span class='ocr_line' id='line_1_22' title="bbox 216 2832 914 2916; baseline 0 -18"><span class='ocrx_word' id='word_1_166' title='bbox 216 2835 380 2898; x_wconf 85' lang='lat' dir='ltr'>Dominus</span> <span class='ocrx_word' id='word_1_167' title='bbox 385 2843 484 2916; x_wconf 83' lang='lat' dir='ltr'>prope</span> <span class='ocrx_word' id='word_1_168' title='bbox 497 2844 568 2910; x_wconf 75' lang='lat' dir='ltr'>est:</span> <span class='ocrx_word' id='word_1_169' title='bbox 591 2833 680 2897; x_wconf 84' lang='lat' dir='ltr'>nilcil</span> <span class='ocrx_word' id='word_1_170' title='bbox 689 2832 821 2897; x_wconf 87' lang='lat' dir='ltr'>solliciti</span> <span class='ocrx_word' id='word_1_171' title='bbox 832 2833 914 2898; x_wconf 67' lang='lat' dir='ltr'>sites.</span> 
     </span>
    </p>
   </div>
   <div class='ocr_carea' id='block_1_9' title="bbox 153 2949 1360 3138">
    <p class='ocr_par' dir='ltr' id='par_1_10' title="bbox 153 2949 1360 3138">
     <span class='ocr_line' id='line_1_23' title="bbox 218 2949 1360 3031; baseline -0.006 -16"><span class='ocrx_word' id='word_1_172' title='bbox 218 2952 311 3016; x_wconf 87' lang='lat' dir='ltr'>‘licet</span> <span class='ocrx_word' id='word_1_173' title='bbox 336 2950 550 3014; x_wconf 90' lang='lat' dir='ltr'>nociuitatem</span> <span class='ocrx_word' id='word_1_174' title='bbox 574 2951 752 3028; x_wconf 70' lang='lat' dir='ltr'>sustinetis</span> <span class='ocrx_word' id='word_1_175' title='bbox 778 2949 882 3015; x_wconf 87' lang='lat' dir='ltr'>nolite</span> <span class='ocrx_word' id='word_1_176' title='bbox 904 2949 1036 3015; x_wconf 88' lang='lat' dir='ltr'>solliciti</span> <span class='ocrx_word' id='word_1_177' title='bbox 1060 2969 1152 3028; x_wconf 71' lang='lat' dir='ltr'>esse:</span> <span class='ocrx_word' id='word_1_178' title='bbox 1182 2967 1286 3031; x_wconf 91' lang='lat' dir='ltr'>prope</span> <span class='ocrx_word' id='word_1_179' title='bbox 1309 2955 1360 3009; x_wconf 89' lang='lat' dir='ltr'>est</span> 
     </span>
     <span class='ocr_line' id='line_1_24' title="bbox 153 3050 1359 3138; baseline -0.007 -18"><span class='ocrx_word' id='word_1_180' title='bbox 153 3058 254 3133; x_wconf 89' lang='lat' dir='ltr'>Deus,</span> <span class='ocrx_word' id='word_1_181' title='bbox 271 3055 327 3138; x_wconf 91' lang='lat' dir='ltr'>qui</span> <span class='ocrx_word' id='word_1_182' title='bbox 343 3054 438 3118; x_wconf 89' lang='lat' dir='ltr'>uobis</span> <span class='ocrx_word' id='word_1_183' title='bbox 453 3054 573 3117; x_wconf 89' lang='lat' dir='ltr'>nocitis</span> <span class='ocrx_word' id='word_1_184' title='bbox 595 3052 680 3117; x_wconf 84' lang='lat' dir='ltr'>ierat</span> <span class='ocrx_word' id='word_1_185' title='bbox 702 3054 875 3132; x_wconf 90' lang='lat' dir='ltr'>auxilium,</span> <span class='ocrx_word' id='word_1_186' title='bbox 890 3055 948 3138; x_wconf 92' lang='lat' dir='ltr'>qui</span> <span class='ocrx_word' id='word_1_187' title='bbox 971 3063 1005 3118; x_wconf 92' lang='lat' dir='ltr'>et</span> <span class='ocrx_word' id='word_1_188' title='bbox 1026 3061 1146 3138; x_wconf 90' lang='lat' dir='ltr'>potens</span> <span class='ocrx_word' id='word_1_189' title='bbox 1164 3060 1214 3116; x_wconf 88' lang='lat' dir='ltr'>est</span> <span class='ocrx_word' id='word_1_190' title='bbox 1230 3050 1359 3131; x_wconf 89' lang='lat' dir='ltr'>eosqui</span> 
     </span>
    </p>
   </div>
   <div class='ocr_carea' id='block_1_10' title="bbox 151 3158 1255 3246">
    <p class='ocr_par' dir='ltr' id='par_1_11' title="bbox 151 3158 1255 3246">
     <span class='ocr_line' id='line_1_25' title="bbox 151 3158 1255 3246; baseline -0.002 -19"><span class='ocrx_word' id='word_1_191' title='bbox 151 3171 273 3227; x_wconf 93' lang='lat' dir='ltr'>nocent</span> <span class='ocrx_word' id='word_1_192' title='bbox 288 3183 348 3226; x_wconf 93' lang='lat' dir='ltr'>uos</span> <span class='ocrx_word' id='word_1_193' title='bbox 364 3158 499 3246; x_wconf 65' lang='lat' dir='ltr'>punire?</span> <span class='ocrx_word' id='word_1_194' title='bbox 544 3160 623 3243; x_wconf 93' lang='lat' dir='ltr'>quid</span> <span class='ocrx_word' id='word_1_195' title='bbox 640 3180 720 3243; x_wconf 84' lang='lat' dir='ltr'>ergo</span> <span class='ocrx_word' id='word_1_196' title='bbox 735 3162 891 3228; x_wconf 89' lang='lat' dir='ltr'>conuenit</span> <span class='ocrx_word' id='word_1_197' title='bbox 906 3161 1014 3226; x_wconf 82' lang='lat' dir='ltr'>lacere</span> <span class='ocrx_word' id='word_1_198' title='bbox 1030 3183 1087 3228; x_wconf 86' lang='lat' dir='ltr'>eos</span> <span class='ocrx_word' id='word_1_199' title='bbox 1103 3160 1255 3226; x_wconf 89' lang='lat' dir='ltr'>nocitos?</span> 
     </span>
    </p>
   </div>
   <div class='ocr_carea' id='block_1_11' title="bbox 150 3304 1365 3618">
    <p class='ocr_par' dir='ltr' id='par_1_12' title="bbox 150 3304 1365 3618">
     <span class='ocr_line' id='line_1_26' title="bbox 199 3304 1365 3372; baseline 0.003 -16"><span class='ocrx_word' id='word_1_200' title='bbox 199 3321 213 3356; x_wconf 80' lang='grc' dir='ltr'>ο</span> <span class='ocrx_word' id='word_1_201' title='bbox 232 3307 349 3371; x_wconf 81' lang='lat' dir='ltr'>impletae</span> <span class='ocrx_word' id='word_1_202' title='bbox 366 3305 398 3356; x_wconf 91' lang='lat' dir='ltr'><em>H</em></span> <span class='ocrx_word' id='word_1_203' title='bbox 564 3308 580 3356; x_wconf 92' lang='lat'><em>8</em></span> <span class='ocrx_word' id='word_1_204' title='bbox 596 3321 732 3372; x_wconf 87' lang='lat' dir='ltr'>numquam</span> <span class='ocrx_word' id='word_1_205' title='bbox 751 3307 785 3358; x_wconf 86' lang='lat' dir='ltr'><em>H</em></span> <span class='ocrx_word' id='word_1_206' title='bbox 793 3304 797 3372; x_wconf 80' lang='lat' dir='ltr'>l</span> <span class='ocrx_word' id='word_1_207' title='bbox 813 3321 923 3358; x_wconf 85' lang='lat' dir='ltr'>sororem</span> <span class='ocrx_word' id='word_1_208' title='bbox 941 3324 980 3358; x_wconf 84' lang='lat' dir='ltr'>on:</span> <span class='ocrx_word' id='word_1_209' title='bbox 1000 3325 1016 3356; x_wconf 88' lang='lat' dir='ltr'>r</span> <span class='ocrx_word' id='word_1_210' title='bbox 1186 3324 1216 3372; x_wconf 82' lang='lat'>14</span> <span class='ocrx_word' id='word_1_211' title='bbox 1233 3310 1311 3360; x_wconf 79' lang='lat' dir='ltr'>assint</span> <span class='ocrx_word' id='word_1_212' title='bbox 1330 3310 1365 3359; x_wconf 84' lang='lat' dir='ltr'><em>H</em></span> 
     </span>
     <span class='ocr_line' id='line_1_27' title="bbox 153 3385 1361 3454; baseline 0 -16"><span class='ocrx_word' id='word_1_213' title='bbox 153 3400 181 3450; x_wconf 82' lang='lat'>15</span> <span class='ocrx_word' id='word_1_214' title='bbox 199 3403 274 3453; x_wconf 90' lang='lat' dir='ltr'>quem</span> <span class='ocrx_word' id='word_1_215' title='bbox 290 3385 371 3450; x_wconf 79' lang='lat' dir='ltr'>aptari</span> <span class='ocrx_word' id='word_1_216' title='bbox 384 3385 423 3434; x_wconf 79' lang='lat' dir='ltr'>C*</span> <span class='ocrx_word' id='word_1_217' title='bbox 456 3395 582 3451; x_wconf 77' lang='lat' dir='ltr'>quaeapt</span> <span class='ocrx_word' id='word_1_218' title='bbox 601 3388 707 3450; x_wconf 66' lang='lat' dir='ltr'>Cleon)</span> <span class='ocrx_word' id='word_1_219' title='bbox 814 3387 844 3437; x_wconf 81' lang='lat'>16</span> <span class='ocrx_word' id='word_1_220' title='bbox 860 3389 1028 3438; x_wconf 84' lang='lat' dir='ltr'>humilitater</span> <span class='ocrx_word' id='word_1_221' title='bbox 1127 3403 1157 3454; x_wconf 84' lang='lat'>¹9</span> <span class='ocrx_word' id='word_1_222' title='bbox 1173 3389 1292 3439; x_wconf 88' lang='lat' dir='ltr'>modestis</span> <span class='ocrx_word' id='word_1_223' title='bbox 1304 3387 1361 3453; x_wconf 71' lang='lat' dir='ltr'>[for</span> 
     </span>
     <span class='ocr_line' id='line_1_28' title="bbox 150 3465 1360 3532; baseline 0.001 -14"><span class='ocrx_word' id='word_1_224' title='bbox 150 3465 283 3532; x_wconf 87' lang='lat' dir='ltr'>modestia)</span> <span class='ocrx_word' id='word_1_225' title='bbox 303 3467 414 3528; x_wconf 80' lang='lat' dir='ltr'>Clcorr)</span> <span class='ocrx_word' id='word_1_226' title='bbox 458 3467 573 3530; x_wconf 85' lang='lat' dir='ltr'>modesti,</span> <span class='ocrx_word' id='word_1_227' title='bbox 595 3469 677 3520; x_wconf 83' lang='lat' dir='ltr'>solent</span> <span class='ocrx_word' id='word_1_228' title='bbox 692 3488 709 3520; x_wconf 85' lang='lat' dir='ltr'>r</span> <span class='ocrx_word' id='word_1_229' title='bbox 828 3485 860 3521; x_wconf 80' lang='lat' dir='ltr'>ro</span> <span class='ocrx_word' id='word_1_230' title='bbox 876 3471 954 3521; x_wconf 88' lang='lat' dir='ltr'>adicit</span> <span class='ocrx_word' id='word_1_231' title='bbox 973 3472 1021 3521; x_wconf 87' lang='lat' dir='ltr'>Cr</span> <span class='ocrx_word' id='word_1_232' title='bbox 1138 3484 1168 3519; x_wconf 77' lang='lat' dir='ltr'>aa</span> <span class='ocrx_word' id='word_1_233' title='bbox 1186 3470 1328 3522; x_wconf 84' lang='lat' dir='ltr'>sustineatis</span> <span class='ocrx_word' id='word_1_234' title='bbox 1344 3486 1360 3519; x_wconf 85' lang='lat' dir='ltr'>r</span> 
     </span>
     <span class='ocr_line' id='line_1_29' title="bbox 152 3548 1139 3618; baseline 0 -18"><span class='ocrx_word' id='word_1_235' title='bbox 152 3567 183 3616; x_wconf 76' lang='lat'>23</span> <span class='ocrx_word' id='word_1_236' title='bbox 199 3550 368 3615; x_wconf 86' lang='lat' dir='ltr'>indigentibus</span> <span class='ocrx_word' id='word_1_237' title='bbox 380 3549 387 3610; x_wconf 76' lang='lat' dir='ltr'>l</span> <span class='ocrx_word' id='word_1_238' title='bbox 394 3548 439 3613; x_wconf 83' lang='lat' dir='ltr'>sor</span> <span class='ocrx_word' id='word_1_239' title='bbox 448 3549 548 3612; x_wconf 82' lang='lat' dir='ltr'>necitis)</span> <span class='ocrx_word' id='word_1_240' title='bbox 560 3567 576 3599; x_wconf 88' lang='lat' dir='ltr'>r</span> <span class='ocrx_word' id='word_1_241' title='bbox 671 3567 704 3615; x_wconf 71' lang='grc' dir='ltr'>ον,</span> <span class='ocrx_word' id='word_1_242' title='bbox 721 3553 811 3618; x_wconf 90' lang='lat' dir='ltr'>quibus</span> <span class='ocrx_word' id='word_1_243' title='bbox 822 3560 924 3603; x_wconf 86' lang='lat' dir='ltr'>nocetur</span> <span class='ocrx_word' id='word_1_244' title='bbox 936 3551 994 3616; x_wconf 81' lang='lat' dir='ltr'>(sor</span> <span class='ocrx_word' id='word_1_245' title='bbox 1003 3550 1111 3612; x_wconf 87' lang='lat' dir='ltr'>nocitos]</span> <span class='ocrx_word' id='word_1_246' title='bbox 1122 3567 1139 3600; x_wconf 86' lang='lat' dir='ltr'>r</span> 
     </span>
    </p>
   </div>
   <div class='ocr_carea' id='block_1_12' title="bbox 149 3677 1358 4562">
    <p class='ocr_par' dir='ltr' id='par_1_13' title="bbox 149 3677 1358 4562">
     <span class='ocr_line' id='line_1_30' title="bbox 149 3677 1358 3747; baseline -0.003 -13"><span class='ocrx_word' id='word_1_247' title='bbox 149 3679 350 3734; x_wconf 82' lang='lat' dir='ltr'>laboraueruut.”</span> <span class='ocrx_word' id='word_1_248' title='bbox 394 3680 437 3731; x_wconf 87' lang='lat' dir='ltr'>On</span> <span class='ocrx_word' id='word_1_249' title='bbox 463 3681 606 3746; x_wconf 76' lang='lat' dir='ltr'>cooperariis</span> <span class='ocrx_word' id='word_1_250' title='bbox 628 3681 728 3747; x_wconf 83' lang='lat' dir='ltr'>(Vulg.,</span> <span class='ocrx_word' id='word_1_251' title='bbox 779 3681 935 3731; x_wconf 73' lang='grc' dir='ltr'>διδασκαλίας</span> <span class='ocrx_word' id='word_1_252' title='bbox 947 3681 1112 3744; x_wconf 69' lang='grc' dir='ltr'>ἐξηρτημένα,</span> <span class='ocrx_word' id='word_1_253' title='bbox 1130 3681 1168 3730; x_wconf 79' lang='lat' dir='ltr'>rai</span> <span class='ocrx_word' id='word_1_254' title='bbox 1184 3677 1221 3742; x_wconf 80' lang='grc' dir='ltr'>τῷ</span> <span class='ocrx_word' id='word_1_255' title='bbox 1232 3681 1288 3743; x_wconf 72' lang='grc' dir='ltr'>θείῳ</span> <span class='ocrx_word' id='word_1_256' title='bbox 1303 3699 1358 3732; x_wconf 78' lang='grc' dir='ltr'>συν-</span> 
     </span>
     <span class='ocr_line' id='line_1_31' title="bbox 153 3762 1358 3828; baseline 0.002 -13"><span class='ocrx_word' id='word_1_257' title='bbox 153 3765 327 3816; x_wconf 80' lang='lat' dir='ltr'>“adiutoribus</span> <span class='ocrx_word' id='word_1_258' title='bbox 335 3762 360 3824; x_wconf 87' lang='lat'>’&#39;)</span> <span class='ocrx_word' id='word_1_259' title='bbox 372 3779 413 3814; x_wconf 85' lang='lat' dir='ltr'>see</span> <span class='ocrx_word' id='word_1_260' title='bbox 425 3779 450 3828; x_wconf 93' lang='lat' dir='ltr'>p.</span> <span class='ocrx_word' id='word_1_261' title='bbox 462 3765 518 3824; x_wconf 76' lang='lat'>228,</span> <span class='ocrx_word' id='word_1_262' title='bbox 532 3763 549 3813; x_wconf 92' lang='lat' dir='ltr'>l.</span> <span class='ocrx_word' id='word_1_263' title='bbox 567 3779 604 3827; x_wconf 83' lang='lat'>14,</span> <span class='ocrx_word' id='word_1_264' title='bbox 617 3772 684 3815; x_wconf 89' lang='lat' dir='ltr'>note.</span> <span class='ocrx_word' id='word_1_265' title='bbox 779 3762 894 3828; x_wconf 73' lang='grc' dir='ltr'>ιργοῦοοι</span> <span class='ocrx_word' id='word_1_266' title='bbox 917 3767 1061 3828; x_wconf 77' lang='grc' dir='ltr'>κηρύγματι.</span> <span class='ocrx_word' id='word_1_267' title='bbox 1118 3765 1175 3814; x_wconf 90' lang='lat' dir='ltr'>The</span> <span class='ocrx_word' id='word_1_268' title='bbox 1199 3765 1303 3816; x_wconf 83' lang='lat' dir='ltr'>catenist</span> <span class='ocrx_word' id='word_1_269' title='bbox 1331 3767 1358 3817; x_wconf 90' lang='lat' dir='ltr'>ia</span> 
     </span>
     <span class='ocr_line' id='line_1_32' title="bbox 183 3843 1355 3910; baseline -0.003 -11"><span class='ocrx_word' id='word_1_270' title='bbox 183 3852 207 3899; x_wconf 91' lang='lat'>8.</span> <span class='ocrx_word' id='word_1_271' title='bbox 237 3847 363 3910; x_wconf 83' lang='lat' dir='ltr'>numquid</span> <span class='ocrx_word' id='word_1_272' title='bbox 371 3861 421 3896; x_wconf 80' lang='lat' dir='ltr'>eron</span> <span class='ocrx_word' id='word_1_273' title='bbox 432 3845 624 3909; x_wconf 58' lang='lat' dir='ltr'>belcamedo]</span> <span class='ocrx_word' id='word_1_274' title='bbox 644 3847 725 3897; x_wconf 92' lang='lat' dir='ltr'>rCor.</span> <span class='ocrx_word' id='word_1_275' title='bbox 779 3845 892 3905; x_wconf 85' lang='lat' dir='ltr'>Cramer,</span> <span class='ocrx_word' id='word_1_276' title='bbox 918 3844 981 3895; x_wconf 79' lang='lat' dir='ltr'>aller</span> <span class='ocrx_word' id='word_1_277' title='bbox 1008 3843 1147 3909; x_wconf 85' lang='lat' dir='ltr'>extracting</span> <span class='ocrx_word' id='word_1_278' title='bbox 1171 3845 1221 3894; x_wconf 87' lang='lat' dir='ltr'>this</span> <span class='ocrx_word' id='word_1_279' title='bbox 1242 3859 1355 3910; x_wconf 82' lang='lat' dir='ltr'>passage,</span> 
     </span>
     <span class='ocr_line' id='line_1_33' title="bbox 150 3925 1357 3992; baseline -0.003 -12"><span class='ocrx_word' id='word_1_280' title='bbox 150 3931 183 3981; x_wconf 86' lang='lat' dir='ltr'>ix.</span> <span class='ocrx_word' id='word_1_281' title='bbox 198 3943 221 3992; x_wconf 86' lang='lat'>5.</span> <span class='ocrx_word' id='word_1_282' title='bbox 258 3929 290 3978; x_wconf 93' lang='grc' dir='ltr'>Ο.</span> <span class='ocrx_word' id='word_1_283' title='bbox 305 3928 335 3977; x_wconf 93' lang='lat' dir='ltr'>L.</span> <span class='ocrx_word' id='word_1_284' title='bbox 352 3928 402 3978; x_wconf 85' lang='lat' dir='ltr'>and</span> <span class='ocrx_word' id='word_1_285' title='bbox 414 3927 500 3991; x_wconf 75' lang='lat' dir='ltr'>vulg,</span> <span class='ocrx_word' id='word_1_286' title='bbox 514 3928 711 3978; x_wconf 83' lang='lat' dir='ltr'>circumducendi</span> <span class='ocrx_word' id='word_1_287' title='bbox 717 3941 729 3986; x_wconf 81' lang='lat'>,¹</span> <span class='ocrx_word' id='word_1_288' title='bbox 777 3926 848 3986; x_wconf 84' lang='lat' dir='ltr'>adds,</span> <span class='ocrx_word' id='word_1_289' title='bbox 872 3927 946 3975; x_wconf 79' lang='grc' dir='ltr'>τοῦτο</span> <span class='ocrx_word' id='word_1_290' title='bbox 973 3926 1014 3978; x_wconf 77' lang='grc' dir='ltr'>καὶ</span> <span class='ocrx_word' id='word_1_291' title='bbox 1038 3925 1313 3991; x_wconf 66' lang='lat' dir='ltr'>ethiopes-meaning,</span> <span class='ocrx_word' id='word_1_292' title='bbox 1337 3926 1357 3976; x_wconf 90' lang='lat' dir='ltr'>it</span> 
     </span>
     <span class='ocr_line' id='line_1_34' title="bbox 150 4005 1357 4074; baseline -0.002 -14"><span class='ocrx_word' id='word_1_293' title='bbox 150 4012 192 4060; x_wconf 91' lang='lat' dir='ltr'>the</span> <span class='ocrx_word' id='word_1_294' title='bbox 221 4010 270 4061; x_wconf 85' lang='lat' dir='ltr'>Gk.</span> <span class='ocrx_word' id='word_1_295' title='bbox 295 4009 411 4058; x_wconf 89' lang='lat' dir='ltr'>however</span> <span class='ocrx_word' id='word_1_296' title='bbox 432 4009 454 4058; x_wconf 88' lang='lat' dir='ltr'>is</span> <span class='ocrx_word' id='word_1_297' title='bbox 478 4009 570 4074; x_wconf 86' lang='lat' dir='ltr'>simply</span> <span class='ocrx_word' id='word_1_298' title='bbox 594 4009 725 4072; x_wconf 73' lang='grc' dir='ltr'>περιάγειν.</span> <span class='ocrx_word' id='word_1_299' title='bbox 777 4009 861 4058; x_wconf 85' lang='lat' dir='ltr'>would</span> <span class='ocrx_word' id='word_1_300' title='bbox 883 4023 960 4067; x_wconf 85' lang='lat' dir='ltr'>seem,</span> <span class='ocrx_word' id='word_1_301' title='bbox 983 4007 1037 4058; x_wconf 76' lang='lat' dir='ltr'>urat</span> <span class='ocrx_word' id='word_1_302' title='bbox 1058 4007 1108 4058; x_wconf 87' lang='lat' dir='ltr'>this</span> <span class='ocrx_word' id='word_1_303' title='bbox 1129 4022 1181 4056; x_wconf 86' lang='lat' dir='ltr'>was</span> <span class='ocrx_word' id='word_1_304' title='bbox 1203 4005 1357 4058; x_wconf 86' lang='lat' dir='ltr'>Theodore’s</span> 
     </span>
     <span class='ocr_line' id='line_1_35' title="bbox 150 4087 1197 4157; baseline -0.01 -14"><span class='ocrx_word' id='word_1_305' title='bbox 150 4091 223 4143; x_wconf 90' lang='lat' dir='ltr'>Th.’s</span> <span class='ocrx_word' id='word_1_306' title='bbox 240 4091 379 4156; x_wconf 88' lang='lat' dir='ltr'>exposition</span> <span class='ocrx_word' id='word_1_307' title='bbox 396 4090 426 4140; x_wconf 84' lang='lat' dir='ltr'>ol</span> <span class='ocrx_word' id='word_1_308' title='bbox 438 4091 481 4140; x_wconf 91' lang='lat' dir='ltr'>the</span> <span class='ocrx_word' id='word_1_309' title='bbox 496 4091 578 4141; x_wconf 88' lang='lat' dir='ltr'>words</span> <span class='ocrx_word' id='word_1_310' title='bbox 589 4091 634 4142; x_wconf 84' lang='lat' dir='ltr'>has</span> <span class='ocrx_word' id='word_1_311' title='bbox 645 4093 727 4157; x_wconf 83' lang='lat' dir='ltr'>disap-</span> <span class='ocrx_word' id='word_1_312' title='bbox 777 4088 849 4137; x_wconf 86' lang='lat' dir='ltr'>view.</span> <span class='ocrx_word' id='word_1_313' title='bbox 1194 4087 1197 4092; x_wconf 83' lang='lat'>&#39;</span> 
     </span>
     <span class='ocr_line' id='line_1_36' title="bbox 150 4165 1356 4239; baseline -0.005 -16"><span class='ocrx_word' id='word_1_314' title='bbox 150 4173 249 4239; x_wconf 77' lang='lat' dir='ltr'>peared,</span> <span class='ocrx_word' id='word_1_315' title='bbox 271 4172 317 4221; x_wconf 92' lang='lat' dir='ltr'>but</span> <span class='ocrx_word' id='word_1_316' title='bbox 335 4170 412 4220; x_wconf 91' lang='lat' dir='ltr'>Thdt.</span> <span class='ocrx_word' id='word_1_317' title='bbox 432 4171 467 4219; x_wconf 83' lang='lat' dir='ltr'>ad</span> <span class='ocrx_word' id='word_1_318' title='bbox 482 4173 499 4220; x_wconf 90' lang='lat' dir='ltr'>l.</span> <span class='ocrx_word' id='word_1_319' title='bbox 522 4171 648 4222; x_wconf 85' lang='lat' dir='ltr'>remarks:</span> <span class='ocrx_word' id='word_1_320' title='bbox 666 4174 728 4223; x_wconf 75' lang='grc' dir='ltr'>τινὲι</span> <span class='ocrx_word' id='word_1_321' title='bbox 812 4167 850 4219; x_wconf 87' lang='lat'>16.</span> <span class='ocrx_word' id='word_1_322' title='bbox 874 4166 1001 4234; x_wconf 80' lang='lat' dir='ltr'>inaptori]</span> <span class='ocrx_word' id='word_1_323' title='bbox 1035 4168 1084 4218; x_wconf 86' lang='lat' dir='ltr'>See</span> <span class='ocrx_word' id='word_1_324' title='bbox 1100 4182 1140 4217; x_wconf 83' lang='lat' dir='ltr'>vv.</span> <span class='ocrx_word' id='word_1_325' title='bbox 1154 4165 1181 4216; x_wconf 94' lang='lat' dir='ltr'>ll.</span> <span class='ocrx_word' id='word_1_326' title='bbox 1220 4166 1276 4216; x_wconf 91' lang='lat' dir='ltr'>The</span> <span class='ocrx_word' id='word_1_327' title='bbox 1292 4166 1356 4217; x_wconf 85' lang='lat' dir='ltr'>form</span> 
     </span>
     <span class='ocr_line' id='line_1_37' title="bbox 149 4247 1299 4315; baseline -0.007 -10"><span class='ocrx_word' id='word_1_328' title='bbox 149 4253 224 4305; x_wconf 77' lang='grc' dir='ltr'>οῦτοι</span> <span class='ocrx_word' id='word_1_329' title='bbox 245 4253 394 4315; x_wconf 76' lang='grc' dir='ltr'>ἡρμήνιοοον</span> <span class='ocrx_word' id='word_1_330' title='bbox 412 4251 450 4299; x_wconf 74' lang='grc' dir='ltr'>ὅτι</span> <span class='ocrx_word' id='word_1_331' title='bbox 472 4251 582 4314; x_wconf 75' lang='grc' dir='ltr'>καθάπερ</span> <span class='ocrx_word' id='word_1_332' title='bbox 601 4251 637 4313; x_wconf 77' lang='grc' dir='ltr'>τῷ</span> <span class='ocrx_word' id='word_1_333' title='bbox 657 4253 728 4315; x_wconf 72' lang='grc' dir='ltr'><strong><em>κυρίῳ</em></strong></span> <span class='ocrx_word' id='word_1_334' title='bbox 776 4265 856 4299; x_wconf 74' lang='lat' dir='ltr'>seeum</span> <span class='ocrx_word' id='word_1_335' title='bbox 868 4255 894 4298; x_wconf 90' lang='lat' dir='ltr'>to</span> <span class='ocrx_word' id='word_1_336' title='bbox 905 4250 937 4299; x_wconf 91' lang='lat' dir='ltr'>be</span> <span class='ocrx_word' id='word_1_337' title='bbox 948 4264 980 4299; x_wconf 90' lang='lat' dir='ltr'>an</span> <span class='ocrx_word' id='word_1_338' title='bbox 993 4249 1036 4298; x_wconf 74' lang='grc' dir='ltr'>ἀπ.</span> <span class='ocrx_word' id='word_1_339' title='bbox 1051 4249 1106 4309; x_wconf 67' lang='lat' dir='ltr'>hey.</span> <span class='ocrx_word' id='word_1_340' title='bbox 1120 4247 1158 4297; x_wconf 84' lang='lat' dir='ltr'>ior</span> <span class='ocrx_word' id='word_1_341' title='bbox 1172 4247 1299 4309; x_wconf 81' lang='lat' dir='ltr'>adoptari.</span> 
     </span>
     <span class='ocr_line' id='line_1_38' title="bbox 150 4328 1354 4399; baseline -0.009 -13"><span class='ocrx_word' id='word_1_342' title='bbox 150 4339 246 4387; x_wconf 72' lang='grc' dir='ltr'>εἵποντο</span> <span class='ocrx_word' id='word_1_343' title='bbox 260 4337 371 4399; x_wconf 70' lang='grc' dir='ltr'>γυναῖκες</span> <span class='ocrx_word' id='word_1_344' title='bbox 390 4331 586 4383; x_wconf 77' lang='grc' dir='ltr'>πιοτιιὶ...οὔτωο</span> <span class='ocrx_word' id='word_1_345' title='bbox 608 4335 648 4383; x_wconf 81' lang='lat' dir='ltr'>rai</span> <span class='ocrx_word' id='word_1_346' title='bbox 665 4337 729 4384; x_wconf 75' lang='lat' dir='ltr'>rarle</span> <span class='ocrx_word' id='word_1_347' title='bbox 809 4343 850 4390; x_wconf 80' lang='lat'>20,</span> <span class='ocrx_word' id='word_1_348' title='bbox 862 4345 899 4394; x_wconf 88' lang='lat' dir='ltr'>sq.</span> <span class='ocrx_word' id='word_1_349' title='bbox 925 4329 1014 4388; x_wconf 66' lang='lat' dir='ltr'>rameri,</span> <span class='ocrx_word' id='word_1_350' title='bbox 1028 4329 1124 4386; x_wconf 80' lang='lat' dir='ltr'>nocitos,</span> <span class='ocrx_word' id='word_1_351' title='bbox 1137 4334 1221 4380; x_wconf 80' lang='lat' dir='ltr'>rrocrnl</span> <span class='ocrx_word' id='word_1_352' title='bbox 1236 4328 1290 4392; x_wconf 86' lang='lat' dir='ltr'>uos]</span> <span class='ocrx_word' id='word_1_353' title='bbox 1314 4329 1354 4380; x_wconf 88' lang='lat' dir='ltr'>Cl.</span> 
     </span>
     <span class='ocr_line' id='line_1_39' title="bbox 149 4408 1005 4476; baseline -0.012 -8"><span class='ocrx_word' id='word_1_354' title='bbox 149 4416 197 4469; x_wconf 75' lang='lat' dir='ltr'>reio</span> <span class='ocrx_word' id='word_1_355' title='bbox 213 4415 358 4468; x_wconf 69' lang='grc' dir='ltr'>ἀποστόλων</span> <span class='ocrx_word' id='word_1_356' title='bbox 373 4415 518 4475; x_wconf 77' lang='grc' dir='ltr'>ἠκολούθουν</span> <span class='ocrx_word' id='word_1_357' title='bbox 534 4415 603 4474; x_wconf 72' lang='grc' dir='ltr'>τινές,</span> <span class='ocrx_word' id='word_1_358' title='bbox 618 4415 728 4476; x_wconf 69' lang='lat' dir='ltr'>depueri-</span> <span class='ocrx_word' id='word_1_359' title='bbox 757 4443 759 4450; x_wconf 39' lang='grc' dir='ltr'>ι</span> <span class='ocrx_word' id='word_1_360' title='bbox 776 4426 801 4475; x_wconf 88' lang='lat' dir='ltr'>p.</span> <span class='ocrx_word' id='word_1_361' title='bbox 814 4408 854 4472; x_wconf 79' lang='lat'>67,</span> <span class='ocrx_word' id='word_1_362' title='bbox 868 4409 885 4460; x_wconf 90' lang='lat' dir='ltr'>l.</span> <span class='ocrx_word' id='word_1_363' title='bbox 904 4426 923 4470; x_wconf 90' lang='lat' dir='ltr'>r,</span> <span class='ocrx_word' id='word_1_364' title='bbox 938 4416 1005 4459; x_wconf 87' lang='lat' dir='ltr'>note.</span> 
     </span>
     <span class='ocr_line' id='line_1_40' title="bbox 149 4495 729 4562; baseline -0.009 -15"><span class='ocrx_word' id='word_1_365' title='bbox 149 4516 193 4562; x_wconf 77' lang='grc' dir='ltr'>ρον</span> <span class='ocrx_word' id='word_1_366' title='bbox 211 4497 398 4558; x_wconf 73' lang='grc' dir='ltr'>ἐπιδεικνύμενοι</span> <span class='ocrx_word' id='word_1_367' title='bbox 416 4495 505 4555; x_wconf 73' lang='grc' dir='ltr'>πίστιν,</span> <span class='ocrx_word' id='word_1_368' title='bbox 523 4495 563 4544; x_wconf 81' lang='lat' dir='ltr'>rol</span> <span class='ocrx_word' id='word_1_369' title='bbox 579 4495 622 4556; x_wconf 76' lang='grc' dir='ltr'>τῆς</span> <span class='ocrx_word' id='word_1_370' title='bbox 638 4495 729 4542; x_wconf 79' lang='grc' dir='ltr'>τούτων</span> 
     </span>
    </p>
   </div>
   <div class='ocr_carea' id='block_1_13' title="bbox 0 0 1650 5206">
    <p class='ocr_par' dir='ltr' id='par_1_14' title="bbox 0 0 1650 5206">
     <span class='ocr_line' id='line_1_41' title="bbox 0 0 1650 5206; baseline 0 0"><span class='ocrx_word' id='word_1_371' title='bbox 0 0 1650 5206; x_wconf 95' lang='lat' dir='ltr'> </span> 
     </span>
    </p>
   </div>
  </div>
 </body>
</html>
