3292 5206
325 385 390 466 264
660 393 889 447 rueooonus
914 393 1206 446 uorsuesreuus
1420 381 1462 466 [1.
1479 359 1529 463 ¹13.

323 569 501 650 conformes
526 565 609 650 fieri
637 564 797 648 imaginis
815 563 891 650 filii
918 565 980 642 sui,
1007 575 1045 628 at
1072 563 1118 628 sit
1142 565 1208 648 ipse
1227 565 1469 650 primogenitus
1497 566 1531 630 in
1622 609 1624 656 3

323 669 438 733 multis
451 666 632 750 fratribus,
656 667 829 731 euidenter
850 665 985 731 fratrem
1008 687 1085 730 eum
1108 669 1366 753 primogenitum
1389 689 1463 733 esse
1485 669 1531 732 di-

248 758 252 764 ’
324 793 402 834 cens
426 789 562 848 eorum;
586 779 619 832 et
645 769 702 852 qui
728 767 915 832 conformes
941 769 989 832 illi
1016 778 1094 834 sunt
1120 781 1256 854 propter
1280 771 1531 836 similitudinem

317 871 416 958 illam
443 889 545 955 quam
572 891 592 934 a
617 870 692 934 Deo
714 870 850 948 habent,
875 871 964 964 iusta
988 873 1116 936 ratione
1142 893 1219 936 eum
1246 874 1310 938 sibi
1339 873 1531 938 adscribunt

292 995 308 1062 ς
325 973 593 1058 primogenitum,
606 981 724 1056 utpote
739 975 1041 1056 supereminentem
1057 975 1240 1039 secundum
1255 974 1342 1038 hanc
1360 977 1531 1040 rationem.

325 1079 449 1142 etenim
473 1076 540 1141 illic
563 1097 631 1140 non
654 1077 742 1142 dixit
760 1078 938 1159 conformes
954 1076 1035 1160 filii,
1052 1078 1112 1142 sed
1135 1076 1294 1161 imaginis
1306 1077 1388 1162 filii,
1414 1080 1530 1162 imagi-

242 1185 247 1190 “
325 1164 402 1266 nem
419 1178 477 1243 filii
499 1178 664 1243 uisibilem
685 1187 839 1244 naturam
861 1179 1033 1243 euidenter
1058 1179 1184 1243 dicens.
1228 1179 1289 1243 sed
1315 1181 1529 1264 interrogant,

325 1280 611 1365 quemadmodum
626 1290 800 1365 susceptus
815 1281 918 1345 homo
931 1280 1173 1363 primogenitas
1187 1291 1298 1366 potest
1313 1281 1419 1346 uideri
1436 1281 1532 1345 totius

323 1396 497 1464 creaturae,
521 1407 597 1450 cum
620 1406 687 1450 non
710 1387 753 1449 sit
776 1393 857 1448 ante
874 1404 1008 1448 omnem
1032 1392 1225 1463 creaturam,
1246 1385 1306 1448 sed
1328 1393 1366 1448 ut
1386 1394 1474 1449 esset
1498 1385 1529 1448 in

274 1505 312 1552 10
326 1487 515 1555 nouissimis
530 1489 658 1571 accepit
674 1489 901 1570 temporibus;
923 1507 989 1550 non
1005 1485 1245 1570 intellegentes,
1263 1490 1422 1572 quoniam
1441 1487 1530 1572 †pri·

326 1592 515 1677 mogenitus
539 1611 607 1655 non
635 1601 786 1672 tempore
810 1589 932 1652 dicitur
956 1589 1065 1653 solum
1091 1590 1150 1654 sed
1174 1599 1209 1655 et
1234 1591 1532 1673 praehonoratione

326 1695 522 1779 frequenter,
546 1714 586 1756 eo
610 1691 700 1775 quod
726 1692 969 1775 primogenitus
990 1691 1112 1755 dicitur
1132 1693 1293 1756 ueraciter
1313 1694 1454 1770 illorum,
1476 1695 1530 1778 qui

326 1808 403 1882 post
419 1796 511 1860 illum
532 1795 636 1878 geniti
657 1795 787 1859 suerint.
819 1794 874 1858 ille
891 1804 1004 1858 tamen
1025 1797 1081 1878 qui
1102 1797 1191 1879 prior
1209 1797 1306 1862 luerit
1321 1808 1428 1877 natus,
1444 1801 1530 1865 hunc

326 1899 474 1983 sequitur
488 1897 673 1961 necessario
688 1905 725 1960 ut
741 1907 775 1961 et
790 1895 1057 1980 praehonoretur‚
1074 1899 1170 1964 sicuti
1186 1909 1220 1964 et
1235 1908 1373 1964 naturae
1395 1903 1481 1967 ratio
1498 1914 1532 1968 et

276 2117 310 2185 15
391 2092 429 2159 τὸ
452 2095 653 2180 πρωτότοκος
677 2090 736 2156 οὐκ
758 2091 813 2156 ἐπὶ
835 2090 956 2180 χρόνου
976 2091 1107 2176 λέγεται
1133 2091 1241 2177 μόνον,
1268 2091 1358 2160 ἀλλὰ
1381 2093 1446 2182 γὰρ
1476 2093 1531 2162 καὶ

327 2195 383 2263 ἐπὶ
412 2194 641 2280 προτιμήσεως
670 2191 845 2272 πολλάκις,
873 2192 916 2265 cis
944 2193 993 2260 τὸ·
1023 2193 1233 2261 ἐπικολὲεετοί
1260 2220 1311 2273 ωε,
1340 2201 1442 2284 ποτιίρ
1472 2221 1531 2273 nor

376 2389 391 2424 a
408 2388 467 2423 eum
477 2371 507 2422 ir.
519 2372 553 2422 H
680 2381 694 2431 3
711 2377 787 2419 etam
801 2369 908 2431 Cleorr)
1045 2387 1058 2432 4
1078 2371 1197 2421 adscribit
1210 2371 1233 2420 C
1369 2371 1385 2422 6
1402 2372 1465 2422 illud
1477 2373 1534 2438 (for

327 2454 388 2518 illic)
401 2454 435 2504 H
547 2465 575 2514 15
592 2467 629 2516 sq.
650 2451 728 2502 Coisl.
742 2464 797 2514 204,
812 2449 828 2500 i.
846 2464 890 2513 ¹45
903 2450 983 2513 a[Cr.
995 2450 1028 2501 vi.
1043 2449 1099 2517 306,
1114 2452 1155 2503 Fr.
1173 2452 1230 2516 ψ]
1242 2453 1355 2517 θεόίωρος
1366 2455 1392 2504 oi
1404 2461 1488 2516 φησιν·
1504 2457 1532 2505 τί

327 2537 485 2602 πρωτότοκος,
499 2537 573 2586 κ.τ.λ.
590 2532 680 2598 [eoisl.
695 2531 733 2594 τό,
748 2531 764 2584 ί.
780 2532 874 2594 28021.

295 2718 298 2724 ·
326 2694 377 2744 aud
391 2689 480 2756 notes).
513 2689 613 2742 'Ihdt-'s
627 2697 842 2755 commentaryon
856 2688 906 2738 this
953 2693 1092 2742 carnation.
1126 2693 1260 2744 Marcellus
1281 2693 1401 2744 ventured
1430 2693 1530 2752 further,

327 2785 379 2827 text
390 2790 495 2840 appears
506 2781 534 2823 to
544 2773 608 2823 have
619 2773 683 2823 been
694 2773 771 2822 based
783 2769 905 2829 on'l'h's,
955 2773 1005 2822 and
1027 2773 1118 2823 denied
1140 2774 1194 2824 that
1218 2759 1261 2825 the
1283 2773 1434 2840 preexistent
1455 2775 1532 2825 Worrl

326 2858 409 2910 which
426 2857 447 2908 is
464 2857 528 2906 lost:
544 2854 645 2920 ἀκριβῶς
661 2856 687 2905 il
703 2855 783 2904 rima
798 2851 907 2916 φθεγγό-
956 2867 1007 2902 was
1034 2853 1060 2902 in
1087 2869 1136 2918 any
1160 2869 1231 2905 sense
1259 2871 1300 2917 τρ.
1329 2856 1410 2914 τόσην
1436 2857 1534 2905 κτίσεως

326 2955 395 3002 μενος
417 2937 459 2988 οὐκ
480 2937 548 2986 eirea·
570 2935 755 3000 συμμόρφους
773 2935 825 2984 τοῦ
845 2933 909 2983 olori
955 2932 1059 2997 (Euseb.
1087 2951 1105 2986 c.
1136 2937 1219 2986 Marc.
1247 2936 1273 2986 ii.
1302 2951 1341 2999 31,
1376 2937 1465 3002 Migne
1492 2953 1530 3000 24,

327 3014 904 3081 ου’τοῦ,ιίλλὰτῆςείκόνοςτοῦυίσΰοιίτοῦ...
957 3019 1013 3084 798,
1036 3017 1098 3082 sq.):
1126 3019 1152 3066 οὐ
1174 3017 1253 3066 τοίνυν
1275 3013 1343 3068 οὗτος
1364 3015 1378 3066 ί
1401 3017 1534 3080 ἁγιώτατον

327 3104 452 3153 τουτέστιν
470 3101 515 3150 τοῦ
535 3099 647 3159 σώματον
667 3097 710 3148 τοῦ
732 3095 907 3162 υίοῧ...κρωτί·
955 3101 1029 3161 λόγος
1042 3101 1144 3163 πρὸτῆς
1160 3101 1361 3164 ίνουθρωτήσεως
1375 3118 1420 3165 τρ.
1439 3099 1534 3162 κοίτης

327 3203 397 3236 τοκος
413 3185 463 3249 ’γὰρ
477 3181 507 3235 ὤς
522 3183 648 3246 α’νθρωτος
663 3180 867 3241 ίνομοίζετοι...ὧς
882 3181 908 3230 ii
956 3183 1077 3231 κτίσεως
1095 3178 1221 3238 ὥνὸμαστο
1235 3179 1295 3244 (πῶς
1310 3181 1359 3243 γὰρ
1376 3181 1477 3230 δυνατὸν
1492 3179 1533 3228 τὸν

328 3267 459 3331 ἅνθρωπος,
490 3263 609 3325 ἀδελφοὺς
635 3264 689 3314 τοὺς
718 3261 909 3312 πεπιστευκότες
956 3263 994 3312 ἀεί
1014 3261 1074 3310 ὄντα
1096 3257 1247 3323 πρωτότοκον
1265 3261 1327 3310 εἶναί
1348 3261 1445 3325 τωος;)·
1473 3258 1535 3310 ἀλλὰ

329 3349 407 3399 καλεῖ.
442 3347 492 3397 But
506 3346 586 3396 Thdt.
601 3344 672 3395 issar
687 3343 751 3394 from
765 3345 866 3408 coming
881 3351 908 3394 to
956 3340 999 3392 τὸν
1021 3340 1116 3404 τοῦτον
1143 3339 1224 3389 καινὸν
1251 3340 1376 3406 ἄνθρωπον
1399 3343 1433 3392 είς
1454 3341 1483 3391 ὃν
1503 3339 1534 3389 ri

329 3429 549 3482 'lli-’soonclusion
558 3429 611 3477 that
618 3427 644 3476 in
652 3427 695 3477 the
701 3434 799 3492 present
808 3435 908 3478 context
957 3421 1040 3473 τιίντσ
1050 3419 1311 3482 ἀνακεφαλαιώσασθαι
1321 3421 1465 3486 ίβουλήθηδ
1474 3421 1531 3482 θείς,

330 3509 478 3575 πρωτότοκος
493 3509 515 3558 is
526 3517 553 3558 to
564 3508 596 3557 be
611 3507 731 3570 similarly
741 3507 908 3566 understood;
957 3508 1042 3554 τοῦτον
1058 3505 1084 3554 σί
1099 3505 1160 3553 θεῖαι
1174 3506 1268 3566 γραφαί
1280 3522 1324 3568 κρ.
1341 3523 1368 3554 κ.
1380 3504 1533 3570 ὀνομάζουσιν

331 3611 375 3657 ap.
397 3593 477 3641 roim
500 3592 567 3640 ἐστίν
587 3587 639 3649 τῆς
660 3590 781 3639 κτίσεως
801 3587 843 3654 (he
865 3590 909 3638 ob-
959 3589 1091 3637 κτίσεως.

330 3677 423 3738 serves)
439 3672 486 3735 οὐχ
504 3673 535 3724 ὥς
548 3669 655 3733 ἀδελφὴν
673 3671 739 3732 ἔχων
756 3669 800 3730 τὴν
819 3670 907 3732 κτίσιν,
995 3681 1032 3716 ιι.
1066 3681 1116 3715 nan
1131 3671 1235 3729 tempore
1248 3664 1273 3714 d.
1290 3681 1311 3714 s.
1326 3665 1403 3714 sedet
1415 3665 1534 3729 praehon-

331 3756 389 3808 ἀλλ’
401 3757 432 3807 ὡς
442 3755 489 3818 πρὸ
500 3755 580 3815 πάσης
592 3756 690 3804 κτίσεως
700 3752 833 3814 γεννηθείς.
957 3747 1077 3809 matiam]
1110 3745 1152 3796 On
1165 3746 1209 3795 the
1223 3745 1295 3796 other
1308 3746 1375 3796 hand
1387 3745 1492 3810 Chrys:
1508 3743 1535 3794 ri

359 3837 564 3906 proeordinouit]
597 3833 797 3885 praedestinante
810 3830 910 3897 (vau.)
958 3829 1006 3894 γὰρ
1027 3827 1211 3894 πρωτότοκος
1233 3827 1286 3891 οὐχί
1309 3826 1377 3890 ittae
1398 3832 1438 3879 καί
1460 3833 1533 3890 τιμῆς,

332 3919 428 3971 isirom
440 3919 483 3970 the
495 3918 528 3968 0.
541 3917 572 3966 L.
584 3915 634 3964 aud
648 3915 724 3979 Vulg.
960 3910 1028 3963 α’λλεί
1058 3911 1147 3976 χρόνον
1179 3909 1252 3972 μόνον
1287 3913 1354 3962 ἐστίν
1382 3911 1534 3971 σημαντικόν.

366 4005 391 4052 8.
426 3998 631 4066 queamdmodum
639 3993 912 4060 emmeramme]
960 3994 1114 4045 Theodore's
1135 3995 1199 4044 view
1221 3994 1244 4044 is
1266 3994 1341 4059 given
1367 3995 1401 4058 by
1425 3995 1535 4060 Pelagius

331 4086 405 4135 Even
432 4084 459 4134 S.
483 4079 637 4130 Athanasius
659 4076 688 4139 (c.
708 4075 805 4127 Arion.
825 4074 852 4125 ii.
869 4075 912 4140 62)
961 4075 1010 4125 and
1027 4075 1143 4126 Sedulius
1159 4076 1264 4126 Scotus:
1282 4076 1485 4140 “primogenitae
1499 4089 1533 4124 se·

333 4166 383 4216 had
406 4163 496 4228 sought
518 4171 545 4212 to
566 4175 657 4224 escape
678 4157 742 4208 t'rom
765 4158 808 4208 the
833 4157 912 4208 Arian
960 4159 1070 4211 cundum
1089 4159 1210 4224 assumpti
1232 4157 1341 4208 hominis
1360 4159 1465 4207 formam
1486 4171 1534 4206 non

333 4245 523 4310 interpretation
541 4241 570 4292 ot'
585 4241 732 4305 πρωτότοκος
749 4241 782 4304 by
800 4240 913 4305 drawing
960 4247 1072 4304 tempore
1092 4239 1136 4288 sed
1158 4238 1261 4298 honore,
1285 4238 1354 4288 iuxta
1372 4237 1450 4288 illud:
1464 4237 1536 4301 filius

334 4326 470 4394 aparallel
484 4327 597 4376 between
612 4324 670 4375 col.
687 4323 704 4373 i.
725 4337 752 4388 ¹5
769 4323 818 4374 and
838 4324 913 4372 Rom.
963 4337 1030 4370 reem
1045 4320 1229 4385 primogenitus
1250 4317 1355 4368 Israel.”
1389 4318 1425 4369 So
1444 4318 1535 4368 Prima·

335 4408 387 4456 viii.
398 4423 436 4472 νο,
448 4407 497 4456 and
509 4405 628 4468 referring
638 4411 665 4453 to
676 4403 720 4453 the
729 4403 914 4465 συγκατάθεσις
961 4403 1025 4454 sius:
1050 4403 1158 4451 “omnis
1177 4401 1331 4452 rationabilis
1353 4407 1480 4450 creaturae
1500 4413 1535 4450 se·

335 4489 364 4540 ol
378 4490 420 4540 the
436 4487 515 4538 Word
533 4487 558 4538 in
576 4485 685 4538 creatlon
701 4485 750 4535 and
768 4485 793 4535 in
811 4486 853 4535 the
871 4485 912 4536 ln·
963 4483 1071 4534 cundum
1083 4499 1182 4532 carnem
1194 4481 1288 4548 primus
1298 4479 1425 4532 effectus-'¹
