3342 5224
280 395 322 456 30
609 396 836 448 rusoooaus
860 396 1151 448 uorsuasnsuus
1293 383 1351 466 [11.
1374 401 1384 446 r
1393 397 1419 463 5,
1439 383 1485 445 16.

279 574 425 646 excepto
447 575 586 647 peccato
601 565 759 630 custodiri
776 575 980 648 poteramus.
1027 568 1105 650 quia
1121 589 1200 650 ergo
1218 567 1368 631 Christus
1385 568 1485 636 uenit.

280 670 424 752 dirigens
440 691 501 752 per
515 689 610 733 suam
628 673 901 734 resurrectionem
919 671 974 734 illa
991 692 1078 752 quae
1093 670 1203 734 sutura
1217 680 1303 746 sunt,
1320 669 1485 753 praestitit

281 791 360 834 uero
385 780 419 834 et
445 771 540 834 nobis
565 771 697 834 illorum
721 774 986 855 promissionem.
1031 795 1148 838 omnes
1173 773 1230 855 qui
1258 774 1290 835 in
1320 771 1485 854 praesenti

280 876 342 940 hac
358 877 428 939 uita
444 876 608 939 credimus
626 875 767 952 Christo,
785 877 879 958 quasi
896 878 997 940 medii
1016 878 1154 958 quidam
1173 895 1287 939 sumus
1303 875 1487 956 praesentis

249 988 264 1054 5
281 999 413 1062 quoque
436 979 525 1042 uitae
547 989 580 1044 et
597 980 736 1055 futurae,
760 979 944 1042 secundum
968 979 1051 1044 illud
1070 980 1205 1061 quidem
1221 978 1312 1059 quod
1328 976 1487 1039 mortales

280 1101 394 1144 sumus
419 1090 546 1158 natura,
563 1092 597 1147 et
620 1082 891 1165 superuenientes
911 1080 1007 1144 nobis
1026 1081 1223 1162 suscipimus
1246 1077 1486 1142 uertibilitates.

282 1197 398 1271 utpote
414 1187 447 1250 in
466 1187 525 1251 tali
546 1186 766 1250 consistentes
788 1195 914 1262 natura,
932 1185 1042 1268 legem
1064 1193 1098 1247 et
1116 1183 1311 1254 doctrinam,
1333 1190 1370 1245 ut
1386 1181 1487 1244 moris

281 1298 340 1364 est,
372 1290 583 1373 indigemus;
620 1309 708 1371 quae
734 1309 794 1351 nos
820 1281 921 1350 do'cet
947 1286 1005 1348 illa
1031 1284 1139 1348 facere
1161 1304 1247 1365 quae
1273 1283 1485 1358 conueniunt,

281 1397 316 1452 et
331 1410 351 1452 a
367 1390 488 1472 quibus
505 1391 624 1454 caueri.
670 1410 731 1452 nec
750 1389 839 1452 enim
861 1389 932 1450 sine
954 1386 1070 1450 labore
1088 1396 1123 1452 et
1143 1386 1264 1450 sudore
1279 1383 1323 1448 ad
1345 1383 1486 1464 uirtutes

231 1508 269 1556 10
282 1513 458 1576 possumus
485 1494 589 1576 dirigi,
621 1492 698 1556 licet
723 1491 904 1574 plurimum
931 1494 1000 1556 eius
1028 1492 1141 1555 animo
1165 1493 1339 1556 uideamur
1364 1489 1487 1553 habere

281 1595 491 1660 desiderium.
536 1597 604 1661 fide
625 1605 738 1660 autem
759 1596 853 1678 quasi
870 1598 936 1660 iam
960 1595 1139 1660 translatos
1162 1617 1223 1660 nos
1239 1598 1272 1659 in
1288 1597 1400 1661 futura
1416 1598 1486 1661 uita

282 1698 444 1775 uidemus,
469 1709 502 1764 et
523 1701 674 1763 maxime
693 1700 795 1762 adubi
818 1700 987 1782 baptisma
1010 1702 1253 1783 perceperimus
1277 1703 1380 1786 (quod
1404 1705 1486 1788 bap-

281 1799 382 1863 tisma
411 1799 554 1866 formam
583 1801 687 1866 habet
717 1801 833 1865 mortis
864 1811 898 1865 et
929 1802 1176 1865 resurrectionis
1208 1804 1355 1889 Christi),
1387 1805 1486 1870 simul

282 1907 481 1989 accipientes
505 1915 538 1970 et
559 1903 721 1988 Spiritum
741 1914 893 1969 sanctum
910 1907 967 1987 qui
990 1907 1023 1969 in
1050 1905 1254 1987 baptismate
1277 1907 1384 1972 datur.
1429 1908 1485 1990 qui

232 2024 266 2090 15
283 2009 378 2090 quasi
394 2008 561 2091 primitiae
580 2009 747 2089 quaedam
765 2019 844 2072 sunt
859 2009 1053 2083 futurorum,
1070 2029 1111 2072 eo
1131 2011 1222 2091 quod
1243 2015 1285 2077 ad
1303 2015 1485 2097 perfectam

283 2108 558 2172 inmortalitatem
594 2109 727 2172 dandus
761 2119 811 2174 est
846 2111 943 2174 nobis
974 2110 1119 2194 Spiritus
1149 2123 1291 2180 sanctus.
1346 2118 1423 2181 ideo
1453 2124 1486 2180 et

284 2210 542 2292 regenerationis
556 2211 698 2275 dicimus
715 2210 887 2293 Spiritum,
903 2213 1087 2276 secundum
1107 2215 1197 2294 quod
1220 2227 1255 2280 et
1277 2218 1384 2284 forma
1407 2239 1486 2282 suae

284 2312 522 2394 inoperationis
551 2313 647 2394 quasi
678 2313 711 2375 in
741 2315 888 2378 secunda
920 2316 990 2380 uita
1023 2316 1157 2380 uidetur
1190 2339 1251 2382 nos
1284 2341 1485 2404 regenerare

283 2423 318 2479 et
341 2423 478 2497 propter
501 2413 565 2480 hoc
589 2437 609 2480 a
633 2415 860 2497 corporalibus
884 2419 1071 2501 praeceptis
1095 2427 1129 2482 et
1156 2419 1220 2485 illis
1244 2443 1330 2503 quae
1354 2423 1487 2506 propria

229 2533 271 2582 20
284 2527 362 2582 sunt
374 2517 455 2601 legis
470 2519 576 2582 securi
592 2519 802 2582 consistimus
808 2541 816 2594 ;
832 2519 1114 2596 circumcisionem
1130 2521 1257 2598 adsero,
1270 2532 1303 2587 et
1318 2522 1486 2598 sacrificia,

284 2631 317 2686 et
332 2623 459 2685 dierum
476 2622 734 2698 obseruantiam,
751 2631 784 2686 et
801 2620 932 2684 illorum
955 2643 1043 2704 quae
1061 2624 1224 2688 eiusmodi
1242 2634 1329 2701 sunt,
1345 2644 1486 2706 quorum

284 2729 375 2794 nulla
394 2731 428 2794 in
449 2731 560 2794 futuro
580 2725 714 2790 saeculo
733 2725 824 2790 lucra
842 2725 1012 2790 habemus
1058 2728 1264 2791 custodimus
1286 2737 1399 2792 autem
1422 2726 1487 2802 illa,

284 2853 325 2897 ne
340 2833 557 2898 homicidium
573 2829 733 2894 faciamus
750 2839 808 2894 aut
831 2828 1031 2892 adulterium
1055 2839 1114 2893 aut
1134 2830 1269 2908 furtum,
1286 2839 1320 2894 et
1335 2830 1488 2893 uniuersa

283 2936 340 3000 illa
369 2956 456 3018 quae
480 2935 523 2999 ad
549 2934 727 3018 propinqui
753 2933 969 2996 nociuitatem
996 2953 1017 2996 a
1039 2933 1135 2997 nobis
1162 2933 1232 2996 fieri
1265 2942 1425 3016 possunt;
1467 2953 1487 2996 a

334 3139 343 3172 1
364 3121 487 3171 custodire
506 3120 571 3170 CH
687 3135 701 3182 3
713 3125 868 3184 praesentem
882 3115 921 3167 C*
1037 3137 1052 3178 4
1066 3116 1109 3182 qui
1123 3117 1145 3167 si
1163 3116 1220 3182 (for
1233 3117 1313 3184 quasi)
1330 3119 1379 3170 H*
1394 3118 1398 3186 Ι
1412 3120 1488 3171 medii

281 3205 382 3269 quidem
397 3201 435 3252 C*
447 3203 481 3251 H
508 3201 619 3251 medium
630 3201 750 3264 quiddam
764 3197 868 3262 Cfrorr)
942 3197 1023 3262 7lege
1034 3207 1058 3248 et
1070 3200 1183 3249 doctrina
1196 3201 1217 3250 C
1228 3199 1301 3264 (corr)
1373 3203 1488 3254 8dooeat

284 3281 389 3345 Cfcorr)
463 3297 479 3346 9
498 3289 596 3346 oportet
606 3281 659 3330 add
667 3278 741 3345 (aster
750 3279 841 3342 caueri)
853 3279 887 3328 H
949 3294 978 3328 10
989 3279 1118 3328 uideamus
1129 3280 1163 3328 H
1234 3297 1262 3332 ιο
1280 3281 1323 3329 ubi
1336 3279 1392 3346 (βπ
1401 3281 1487 3346 adubi)

284 3365 394 3425 C(corr)
404 3363 501 3426 passim
601 3377 629 3426 ¹3
647 3361 752 3411 formam
763 3361 797 3409 H
892 3359 921 3409 18
932 3359 1083 3424 operationis
1097 3361 1120 3410 C
1135 3358 1207 3426 (cm)
1306 3379 1335 3424 2⁴
1354 3365 1488 3414 uocitatem

282 3449 315 3496 H
327 3447 506 3497 nocibilitatem
519 3446 541 3495 C
552 3443 624 3509 (corr)

319 3611 339 3645 r.
374 3602 465 3660 arrepto
485 3593 593 3658 peccato]
625 3591 666 3646 Cf.
687 3609 713 3660 p.
728 3609 765 3654 ro,
780 3592 805 3642 -Ι,
821 3591 858 3649 16,
910 3593 954 3641 τοῦ
967 3593 1175 3652 damtunam&
1188 3595 1282 3645 ἐκείνοις
1298 3594 1421 3656 γινόμεθα·
1438 3597 1489 3646 and

282 3685 350 3727 note.
910 3688 943 3723 on
957 3673 1030 3722 Rom.
1043 3673 1076 3722 vi.
1088 3685 1125 3734 17,
1139 3677 1315 3724 τύπονδέτιοο
1327 3678 1366 3726 sel
1377 3679 1490 3740 σύμβολα

315 3779 338 3823 4„
374 3757 448 3823 quast'
462 3755 536 3807 medii
549 3756 661 3821 quidam]
697 3756 735 3806 Cf.
751 3755 814 3820 infr.
831 3772 856 3820 p.
911 3755 1049 3816 πληροΰμεο
1060 3755 1200 3804 dadrortrl
1211 3759 1254 3806 τοῦ
1264 3759 1442 3818 βαπτίσματος,
1451 3759 1490 3807 aa

284 3843 323 3904 38,
335 3841 353 3890 l.
365 3855 402 3897 ιο,
412 3839 504 3904 “quasi
516 3838 633 3888 mortales
641 3837 769 3902 quidam,”
777 3841 860 3889 where
911 3837 954 3894 τῆς
965 3836 1088 3896 δεδομένης
1103 3835 1159 3895 ἡμῖν
1175 3839 1201 3886 ἐν
1218 3837 1285 3899 αὐτῷ
1298 3841 1342 3888 τοῦ
1356 3839 1490 3901 πνεύμονος

283 3921 327 3971 tlte
337 3921 387 3971 Gk.
404 3920 425 3970 is
442 3921 472 3970 dr
489 3919 570 3980 θνητοί
585 3935 653 3968 τινες.
691 3919 747 3968 'I'lre
762 3929 861 3984 present
912 3919 999 3980 δωρεᾶς
1010 3917 1091 3982 ὥσπερ
1108 3921 1294 3982 ocymum
1311 3923 1375 3972 rarle
1390 3926 1490 3984 μίμησιν

283 4016 387 4066 passage
403 4003 424 4050 ls
443 3999 551 4050 referred
571 4007 597 4048 to
614 3998 640 4049 in
657 3997 699 4049 the
717 4015 807 4050 comm.
827 4015 861 4050 ou
911 3999 959 4046 τῶν
976 3999 1097 4058 ἐσομένων
1115 4001 1177 4048 τότε.
1215 4001 1276 4050 This
1298 4001 1362 4051 view
1380 4003 1410 4051 of
1424 4003 1489 4066 Bap-

283 4081 317 4131 iii.
331 4096 363 4131 οο
375 4083 409 4145 (q.
420 4082 464 4141 u).
913 4082 969 4131 tism
981 4081 1002 4130 is
1013 4080 1126 4145 frequent
1138 4083 1163 4131 in
1175 4083 1223 4132 Th.
1229 4083 1248 4132 ’s
1258 4084 1455 4133 commentarios.

316 4177 339 4228 9.
374 4161 471 4224 caueri]
494 4161 665 4222 φυλάσσεσθαι
688 4177 717 4211 or
737 4163 862 4224 εὐλοβεΐσ-
948 4177 984 4228 19.
1007 4163 1234 4228 illaquaepropnir
1245 4165 1381 4229 suntlegt's]
1398 4165 1488 4230 Comp.

284 4242 375 4305 forst).
411 4243 449 4294 Cf.
470 4259 495 4308 p.
509 4245 534 4303 8,
553 4243 608 4306 l.4,
628 4251 695 4295 note.
732 4243 768 4295 So
785 4245 863 4309 dirigi
912 4247 1000 4306 Thdt.‚
1014 4244 1047 4294 ed
1060 4247 1193 4309 δέγοπερὶ
1204 4249 1382 4311 supprimeret
1396 4265 1489 4310 erpero-

284 4324 311 4384 (l.
327 4323 582 4384 rotaneropooueoat
911 4325 958 4386 μῆο
969 4328 1010 4376 rai
1020 4329 1146 4388 λεπροῦ
1156 4328 1215 4376 ἴδια
1231 4325 1262 4388 ἥν
1272 4330 1316 4376 τοῦ
1326 4329 1406 4389 νόμον·
1424 4326 1490 4378 οὐδὲ

318 4419 356 4456 ιο.
390 4404 509 4467 mptum
521 4403 635 4467 smmum
652 4405 732 4468 habet]
768 4405 859 4471 Comp.
911 4406 960 4469 ’γὰρ
971 4405 1154 4471 σερὶτούτισὴ
1170 4409 1242 4470 φύσις
1258 4412 1404 4460 ἐπαίδευσεν.
1440 4413 1489 4464 See

283 4483 325 4534 the
347 4501 436 4535 comm
462 4501 495 4535 on
518 4487 552 4536 iii.
577 4502 614 4552 29,
641 4487 705 4536 κατὰ
725 4491 800 4538 τύπον
822 4491 861 4538 aa
912 4497 970 4538 note
981 4505 1013 4538 on
1026 4505 1050 4553 p.
1066 4508 1089 4552 4,
1102 4489 1117 4538 l.
1137 4505 1172 4553 ¹4·
