3332 5210
291 352 332 413 88
606 362 848 414 'rueoooxus
873 361 1165 414 nopsuasreuus
1399 345 1450 431 [V.
1466 363 1495 423 4.

290 535 448 616 quoniam
469 525 674 600 circumcisio
690 536 853 600 consessio
869 546 919 600 est
936 535 1018 618 legis
1033 537 1227 600 seruandae.
1264 535 1365 599 debet
1382 541 1494 598 autem

291 637 318 699 is
348 637 407 719 qui
434 637 619 714 confitetur,
646 650 764 722 pactus
793 641 844 702 sui
869 639 1008 721 implere
1034 641 1270 704 conditionem.
1319 640 1346 702 si
1382 646 1494 701 autem

291 737 354 801 hoc
374 739 532 820 possibile
559 741 602 804 sit
626 741 730 818 uobis,
753 762 813 805 uos
832 741 999 805 uideritis.'
1039 743 1197 824 quoniam
1220 739 1413 823 inpossibile
1436 747 1495 812 est,

291 837 436 924 eoquod
453 851 487 906 et
505 843 611 907 multa
628 845 725 908 nimis
749 846 1029 927 praeuaricabant,
1052 856 1085 910 et
1106 847 1169 928 ipsi
1190 845 1375 928 perspicere
1401 853 1495 927 pote-

260 956 365 1026 5rant
391 945 488 1038 facile
515 957 548 1010 et
573 949 688 1010 statim
713 957 791 1011 ante
814 949 936 1025 omnia,
962 969 1003 1012 eo
1029 950 1119 1031 quod
1146 957 1361 1030 praeceptum
1389 947 1495 1011 luerat

254 1130 260 1140 ι
292 1049 372 1112 nihil
388 1049 520 1142 illorum
536 1071 628 1139 quae
640 1053 682 1114 ad
703 1051 862 1114 honorem
882 1055 1048 1134 pertinent
1066 1052 1252 1115 diuinitatis
1272 1050 1351 1114 alibi
1373 1050 1494 1114 debere

292 1156 430 1238 implere
453 1167 583 1238 praeter
605 1157 637 1218 in
659 1155 768 1220 locum
793 1145 1015 1220 Hierusalem.
1038 1165 1095 1219 aut
1116 1157 1205 1219 enim
1224 1175 1290 1218 non
1309 1153 1495 1237 implebant

292 1258 373 1322 illud
390 1260 479 1342 quod
492 1260 709 1348 constitutum
720 1269 798 1335 erat,
818 1269 875 1322 aut
886 1258 1062 1344 implentes
1075 1257 1356 1340 praeuaricabant.
1383 1257 1495 1338 posuit

292 1343 406 1426 autem¹
429 1361 520 1436 illud,
545 1361 643 1424 ualde
676 1364 887 1444 perspicuum
911 1364 1059 1446 existens
1089 1363 1123 1424 in
1155 1360 1206 1424 his
1234 1361 1382 1424 maxime
1408 1381 1494 1442 quae

241 1474 541 1548 ropraeuenerant,
570 1465 597 1527 si
627 1474 740 1527 tamen
768 1467 950 1529 circumcisi
979 1465 1023 1528 ab
1049 1465 1115 1528 illis
1145 1463 1382 1529 donationibus
1409 1483 1494 1546 quae

291 1576 385 1631 erant
407 1587 428 1630 a
458 1567 591 1632 Christo
629 1569 779 1630 extranei
810 1568 1115 1646 constituebantur3
1150 1576 1183 1630 et
1210 1587 1230 1630 a
1265 1565 1338 1648 lege
1365 1564 1493 1629 nullum

291 1671 446 1735 iuuamen
467 1667 605 1752 adsequi
630 1679 793 1752 poterant,
814 1672 969 1753 eoquod
988 1693 1050 1736 nec
1070 1671 1275 1756 custodirent
1299 1669 1390 1732 illam
1410 1670 1493 1732 sicut

290 1773 520 1838 conueniebat.
558 1774 680 1837 deinde
696 1784 730 1837 et
746 1774 837 1837 aliud
853 1775 974 1837 adicit:

353 1939 508 2004 destructi
519 1941 597 2004 estis
610 1963 631 2004 a
650 1939 786 2019 Cltristo,
802 1941 860 2024 qui
874 1942 909 2005 in
925 1941 991 2025 lege
1005 1941 1240 2026 iustificamini.

239 2108 273 2172 15
355 2093 465 2157 ‘nulla
490 2094 585 2157 uobis
609 2103 660 2157 est
683 2094 919 2160 cum-Christo
935 2097 1023 2161 ultra
1043 2099 1244 2172 communio,
1269 2097 1327 2181 qui
1352 2118 1397 2161 ex
1421 2095 1493 2178 lege

291 2195 520 2259 iustificamini
566 2198 679 2278 itaque
704 2205 738 2261 et
762 2199 835 2280 ipsa
859 2197 1030 2263 simulatio
1050 2220 1118 2282 qua
1138 2219 1198 2262 uos
1217 2197 1351 2262 credere
1367 2199 1399 2261 in
1416 2218 1490 2261 eum

289 2298 478 2382 confingitis
498 2299 666 2383 superflua
689 2321 761 2365 esse
784 2303 959 2379 inuenitur,
984 2311 1018 2366 et
1039 2302 1168 2365 nullum
1191 2301 1295 2367 habet
1318 2301 1492 2365 iuuamen.'

288 2413 322 2468 et
338 2404 518 2466 ostendens
533 2402 597 2466 hoc
613 2423 658 2466 ex
674 2403 755 2486 ipsis
772 2404 870 2470 rebus
887 2404 934 2468 ita
949 2425 986 2472 se
1001 2404 1145 2469 habere:

355 2597 377 2637 a
387 2575 503 2657 gratia
517 2573 688 2638 excidistis.

233 2724 275 2770 20
352 2715 428 2780 ‘illa
443 2737 530 2798 quae
552 2737 572 2780 a
596 2715 729 2780 Christo
752 2727 840 2794 sunt,
855 2717 983 2800 gratiae
1006 2724 1091 2782 sunt.
1137 2714 1195 2778 lex
1215 2725 1328 2779 autem
1352 2735 1419 2780 non
1441 2724 1492 2780 est

286 2821 405 2903 gratia.
450 2840 536 2902 quae
553 2840 632 2902 ergo
649 2819 744 2882 nobis
761 2820 823 2883 erit
839 2840 914 2883 cum
931 2820 1130 2884 aduersariis
1146 2818 1338 2883 communio
1349 2817 1379 2882 i’

297 2957 299 2962 v
352 2923 512 2988 mirabilis
544 2944 623 2986 uero
653 2943 713 3005 per
742 2925 856 2986 omnia
880 2925 1012 2987 uidetur
1037 2924 1219 3006 apostolus,
1245 2932 1281 2987 et
1306 2921 1491 3004 frequentia

287 3047 442 3091 sensuum
466 3038 516 3092 est
539 3027 615 3092 talis
638 3027 746 3110 qualis
769 3027 871 3090 habet
887 3027 956 3090 fieri
983 3049 1004 3091 a
1026 3029 1098 3091 uiro
1122 3029 1154 3090 in
1178 3027 1296 3091 mediis
1312 3027 1491 3091 constricto

287 3134 540 3197 necessitatibus
555 3143 589 3196 et
605 3134 637 3195 ui
655 3133 766 3214 legum
789 3131 932 3213 impulso
948 3142 981 3196 et
1002 3131 1203 3196 contestanti
1219 3151 1318 3213 super
1335 3130 1388 3194 his
1404 3152 1491 3214 quae

232 3241 269 3306 25
286 3235 349 3299 sibi
376 3234 469 3308 liunt,
496 3237 542 3298 ita
568 3244 604 3298 ut
630 3235 836 3317 intempore
859 3255 936 3298 suas
958 3235 1064 3318 possit
1092 3233 1215 3316 exequi
1242 3233 1386 3297 iustitias
1412 3242 1491 3297 ante

337 3423 363 3457 11
383 3407 479 3455 nullum
490 3421 528 3455 om
540 3405 574 3454 H
644 3419 671 3467 17
689 3405 815 3455 confiditis
826 3407 859 3455 H
921 3422 951 3469 ²3
969 3415 993 3455 et
1007 3403 1118 3471 (fhrest)
1133 3406 1155 3454 C
1164 3405 1198 3454 H
1208 3402 1212 3468 Ι
1226 3411 1252 3454 at
1263 3420 1322 3454 uero
1334 3405 1415 3469 (fora
1427 3404 1491 3464 uiro)

287 3491 352 3538 CH
469 3501 500 3550 24
517 3493 698 3536 contestantem
721 3489 741 3536 C
753 3488 785 3536 H

319 3663 340 3714 7.
374 3648 483 3712 praeter]
496 3669 520 3689 =
533 3656 720 3713 praeterquam:
746 3665 787 3700 see
806 3649 863 3698 Hil·
913 3648 973 3714 freq.
989 3665 1053 3699 sens.
1066 3648 1122 3698 talis
1133 3648 1213 3714 qualis
1224 3649 1286 3698 solet
1298 3648 1389 3698 lieriin
1404 3649 1493 3699 mediis

286 3731 406 3790 debrnnd,
421 3731 498 3794 Apul.
512 3731 528 3778 i.
543 3733 580 3793 78.
914 3737 1004 3779 constr.
1023 3729 1210 3779 necessitatibus
1258 3736 1316 3778 ante
1332 3729 1394 3788 iud..
1407 3729 1460 3794 ipse
1471 3731 1492 3780 si

319 3828 360 3862 αα.
386 3821 409 3862 el
412 3814 479 3877 freq.
493 3829 616 3872 sensuum,
627 3813 685 3875 dxc]
714 3815 782 3863 Pitra
794 3815 864 3863 reads
914 3813 1040 3861 uindicare
1051 3814 1122 3860 uerit.
1136 3819 1214 3876 temp.
1226 3810 1372 3860 inuenerit.''
1404 3811 1493 3864 Ihave

287 3895 336 3946 this
352 3910 456 3960 passage
473 3911 500 3943 ns
518 3893 632 3944 follows:
653 3897 703 3943 “et
714 3893 775 3958 freq.
788 3909 863 3951 sens,
914 3894 1034 3943 ventured
1057 3901 1083 3942 to
1106 3894 1193 3958 depart
1216 3893 1278 3943 lrotn
1301 3894 1344 3944 the
1364 3895 1441 3946 MSS.
1464 3911 1493 3945 so

286 3983 311 4026 et
332 3974 389 4025 talis
411 3975 491 4040 qualis
509 3975 584 4023 habet
604 3973 664 4024 fieri.
707 3975 742 4024 At
761 3989 820 4023 uero
836 3974 863 4023 in
914 3977 1025 4027 larasto
1036 3978 1168 4027 substitute
1184 3984 1206 4027 et
1221 3977 1259 4026 lor
1269 3983 1309 4038 est,
1324 3995 1339 4026 α
1352 3979 1407 4028 uiro
1419 3980 1494 4029 forat

286 4057 375 4108 mediis
386 4057 519 4106 constricto
530 4055 724 4115 necessitatibus,
744 4062 769 4104 et
786 4054 811 4103 ui
828 4054 862 4104 le·
913 4073 976 4116 uero,
995 4058 1076 4123 ipsum
1093 4059 1131 4108 lor
1147 4058 1202 4122 ipsi.
1238 4059 1339 4124 Exequi
1353 4061 1488 4109 iustitiis:

286 4155 345 4202 gum
354 4137 468 4203 impulso,
478 4138 659 4186 etcontestantl
667 4151 741 4200 super
750 4135 788 4184 his
799 4149 863 4199 quae
913 4141 979 4190 ileos
1005 4139 1138 4200 λαμβάνειν
1151 4139 1179 4205 (l)
1224 4141 1297 4190 ‘The
1324 4140 1492 4206 impassioned

287 4219 334 4269 sibi
350 4219 419 4279 liunt,
440 4219 476 4267 ita
493 4225 520 4268 ut
537 4217 564 4266 in
583 4225 693 4282 tempore
710 4232 766 4266 suas
785 4217 863 4280 possit
913 4220 975 4283 style
987 4218 1016 4269 ol
1029 4219 1072 4269 the
1083 4220 1189 4284 Apostle
1206 4220 1227 4269 is
1244 4219 1298 4269 that
1309 4221 1339 4270 oi
1350 4236 1383 4270 en
1395 4221 1492 4285 injured

287 4300 388 4364 exsequi
400 4298 505 4348 iustitias
515 4305 573 4346 ante
585 4297 699 4357 iudicem,
718 4291 767 4360 ipsi
783 4295 862 4344 uindi·
913 4314 972 4348 man
989 4299 1046 4348 who
1062 4297 1167 4348 submits
1182 4299 1261 4349 under
1271 4306 1373 4365 protest,
1387 4300 1437 4349 aud
1449 4315 1491 4366 ap·

288 4398 344 4432 care
360 4382 489 4432 ueritatem
502 4389 599 4446 tempus
610 4379 720 4430 euenerit
731 4379 863 4441 [intimuit
913 4379 982 4444 penls
994 4386 1021 4430 to
1031 4395 1047 4430 a
1058 4379 1146 4444 higher
1156 4379 1245 4430 court.'

287 4463 373 4526 cod].'’
399 4465 429 4514 ln
442 4464 480 4514 his
491 4463 617 4529 appendix
626 4463 658 4512 he
669 4470 797 4528 suggests:
817 4465 861 4512 “et
