3332 5210
166 351 223 415 IV.
240 351 303 436 ιο]
574 365 614 417 1u
640 367 693 418 sn.
715 369 766 418 no
789 367 966 419 causans.
1328 359 1369 437 85

231 534 274 598 de
295 534 359 600 illis
379 537 436 620 qui
456 537 639 601 secundum
657 536 825 603 Christum
842 545 929 614 sunt,
951 531 1048 618 †non
1067 535 1175 601 solum
1190 557 1277 620 quae
1291 535 1370 603 fidei

165 647 243 701 sunt
259 649 292 702 et
308 641 545 721 promissionis,
563 641 658 724 ponit
674 661 796 704 nomen
816 637 924 718 (sicuti
950 641 1033 704 etin
1054 642 1279 723 superioribus
1302 643 1369 707 iam

165 743 396 826 ostendimus),
412 745 471 808 sed
497 753 530 808 et
547 745 711 828 Spiritus;
741 752 776 808 et
792 743 905 806 multis
921 744 954 806 in
971 744 1053 807 locis
1073 743 1136 808 hac
1152 743 1205 809 uel
1221 745 1371 810 maxime

165 843 314 908 abutitur
335 867 425 924 uoce,
447 847 543 910 sicuti
567 855 601 911 et
627 845 670 909 ad
693 846 866 909 Romanos
896 845 970 927 quis
995 846 1169 910 euidenter
1186 849 1371 931 perspicere

166 949 289 1028 poterit
300 969 309 1028 ;
334 970 374 1013 eo
398 950 489 1032 quod
511 958 730 1032 expectamus
746 949 1003 1032 participatione
1019 947 1163 1031 Spiritus
1179 949 1369 1016 fruitionem
1386 961 1403 1029 5

166 1048 315 1131 accipere
339 1049 522 1115 futurorum
539 1052 711 1115 bonorum.
735 1051 783 1114 sic
802 1051 903 1134 igitur
917 1061 951 1116 et
967 1053 1009 1115 de
1025 1051 1090 1116 illis
1105 1051 1162 1135 qui
1186 1052 1369 1117 secundum

168 1149 275 1232 legem
287 1161 373 1230 sunt,
384 1152 465 1216 illud
477 1153 569 1235 quod
584 1153 731 1236 corporis
740 1163 791 1218 est
807 1153 904 1230 dicit;
921 1175 961 1218 eo
973 1154 1063 1236 quod
1078 1153 1260 1218 secundum
1276 1175 1371 1238 prae-

165 1259 296 1316 sentem
306 1251 393 1317 hanc
403 1253 507 1317 uitam
517 1253 573 1317 lex
584 1255 880 1340 utilisessepotest.
897 1276 974 1320 nam
984 1255 1229 1338 quia‘carnem’
1241 1265 1371 1339 tempo·

168 1353 236 1416 rale
247 1354 337 1430 dicit,
349 1363 383 1418 et
398 1355 490 1437 quod
505 1356 601 1421 facile
616 1357 765 1435 soluitur,
781 1379 858 1422 cum
874 1367 1022 1422 nostram
1038 1357 1132 1441 [non]
1150 1358 1371 1422 nominauerit

169 1455 351 1533 naturam*
373 1457 486 1521 multis
507 1460 541 1522 in
560 1458 641 1523 locis
662 1460 697 1523 id
717 1461 926 1524 ostendimus
941 1459 975 1522 in
996 1459 1270 1543 interpretatione
1291 1481 1428 1544 apo-10

168 1556 299 1637 stolica;
323 1569 356 1622 et
371 1558 518 1641 plenaria
545 1570 659 1625 nostra
681 1562 850 1645 expositio
874 1562 907 1624 id
929 1559 1103 1625 euidenter
1124 1561 1280 1638 ostendit,
1307 1563 1371 1627 illis

167 1670 282 1724 tamen
297 1665 353 1745 qui
369 1667 559 1730 cautissime
575 1665 692 1729 uolunt
707 1665 806 1728 dictis
821 1663 1005 1726 intendere.
1049 1670 1084 1726 et
1099 1663 1260 1745 quoniam
1275 1663 1373 1748 Agar

169 1763 284 1828 eicitur
298 1787 384 1848 quae
405 1769 579 1859 sequentia
594 1767 735 1832 naturali
751 1767 919 1850 peperisse
934 1766 1118 1843 uidebatur,
1128 1787 1215 1850 quae
1229 1767 1371 1830 sormam

168 1879 342 1952 acceperat
379 1873 500 1956 ueteris
532 1872 736 1948 testamenti,
776 1891 817 1935 eo
846 1870 937 1954 quod
976 1880 1011 1935 et
1047 1879 1162 1935 tenere
1192 1869 1370 1956 [ordinem]

170 1982 308 2055 poterat,
324 1976 506 2038 secundum
523 1984 732 2057 praesentem
746 1975 862 2052 uitam,
878 1974 1010 2039 illorum
1025 1977 1083 2057 qui
1099 1973 1241 2039 naturali
1256 1977 1373 2041 ordine
1391 2003 1401 2048 1
1410 1997 1426 2065 ς

169 2085 367 2154 nascuntur3
399 2077 490 2159 quod
515 2087 549 2141 et
573 2097 679 2160 nuper
702 2077 879 2141 ediximus
922 2076 1022 2140 sicuti
1044 2097 1119 2159 ergo
1141 2086 1217 2141 tunc
1240 2076 1296 2141 ille
1316 2079 1375 2160 qui

169 2197 213 2239 ex
241 2188 378 2242 naturae
405 2180 520 2244 ordine
544 2181 666 2262 ficerat
692 2189 791 2243 natus
820 2179 915 2242 illum
946 2177 1199 2261 persequebatur
1226 2180 1286 2261 qui
1314 2200 1374 2263 per

168 2284 422 2366 promissionem
429 2286 551 2367 fuerat
564 2294 668 2360 natus,
683 2281 766 2366 †sic
779 2293 810 2347 et
823 2282 876 2347 hic
892 2281 938 2346 illi
954 2283 1010 2367 qui
1027 2303 1112 2346 nunc
1125 2281 1207 2365 legis
1223 2284 1374 2347 existunt

170 2385 317 2448 uindices
347 2377 403 2450 illa
432 2406 518 2470 quae
548 2389 676 2470 gratiae
710 2394 789 2450 sunt
818 2385 978 2467 indagare
1007 2384 1234 2448 adnituntur*
1289 2384 1374 2447 bene

233 2568 272 2637 οὐ
285 2569 323 2636 τό
342 2573 398 2653 τῆς
416 2570 560 2641 πίστεως
583 2569 638 2635 καὶ
657 2572 716 2652 τῆς
739 2565 937 2652 ἐπαγγελίας
956 2569 1053 2650 μόνον
1076 2567 1239 2648 ἐντίθησιν
1261 2565 1374 2650 ὄνομα,
1390 2595 1432 2643 20

167 2669 257 2737 ἄλλό
277 2669 340 2757 ’γόρ
365 2671 421 2738 καὶ
444 2672 481 2736 τό
506 2675 565 2737 τοῦ
590 2669 778 2753 πνεύματος·
801 2668 860 2735 ἅτε
883 2667 921 2750 δὴ
944 2669 1195 2756 προσδοκώντων
1219 2671 1309 2756 ἡμῶν
1334 2672 1375 2758 τῇ

168 2775 326 2862 μετουσίᾳ
345 2778 403 2840 τοῦ
416 2771 596 2855 πνεύματος
619 2769 681 2855 τὴν
701 2769 889 2838 ἀπόλαυσιν
912 2769 1067 2862 δέξασθαι
1090 2775 1156 2839 τῶν
1177 2773 1375 2854 μελλόντων·

169 2877 290 2946 οὑτωσὶ
302 2878 337 2944 δὲ
351 2877 405 2943 καὶ
420 2877 475 2944 ἐπὶ
489 2881 553 2944 τῶν
574 2875 659 2944 κατὰ
678 2876 775 2955 νόμον
794 2875 832 2942 τό
851 2878 907 2956 τῆς
925 2875 1059 2962 σαρκός,
1074 2875 1131 2942 ότε
1154 2875 1193 2960 δι)
1217 2877 1301 2944 nard
1319 2876 1377 2944 τόν

169 2980 315 3068 πορόντα
329 2980 456 3048 τουτονὶ
470 2981 548 3061 βίον
562 2979 769 3071 χρησιμεύειν
788 2983 847 3046 τοῦ
867 2977 963 3061 νόμου
983 2977 1165 3064 δυναμένου
1180 2980 1289 3069 σάρκα
1312 2981 1377 3070 ’γὰρ

169 3085 208 3150 τὸ
220 3085 421 3174 πρόσκαιρον
434 3089 491 3151 καὶ
510 3073 698 3150 εὐδιάλυτον
713 3081 809 3166 λε’·γει,
824 3079 903 3148 ’όταν
922 3081 967 3165 μὴ
986 3080 1046 3164 τὴν
1064 3080 1223 3172 ἡμετέραν
1240 3085 1377 3174 ὀνομάζῃ
1391 3114 1409 3161 2
1414 3111 1430 3178 5

169 3189 278 3274 φύσιν.

237 3295 352 3378 [οῨτωο
374 3291 418 3358 καὶ
439 3294 510 3377 uin]
532 3291 565 3359 oi
585 3295 643 3358 τοῦ
661 3289 759 3374 νόμον
778 3289 978 3380 προεστάναι
1001 3289 1096 3373 δῆθεν
1118 3289 1322 3377 βουλόμενοι,
1336 3291 1380 3362 τό

170 3401 228 3480 τῆς
242 3396 379 3489 χάριτος
393 3397 643 3465 ἀπελαύνουσιν.

219 3540 234 3574 ι
247 3532 324 3590 ponet
337 3524 372 3574 C*
468 3541 482 3590 3
499 3533 523 3575 et
536 3525 621 3576 multis
632 3533 657 3575 et
668 3523 754 3574 multis
765 3522 809 3574 H'
909 3535 923 3584 5
941 3520 1158 3588 participationem
1169 3521 1205 3572 H
1279 3525 1294 3572 8
1317 3529 1378 3572 tem·

170 3606 282 3672 poralem
296 3607 318 3656 C
332 3607 366 3656 H
378 3613 450 3670 txtg
523 3623 539 3674 9
555 3608 630 3658 soluit
644 3609 666 3657 C
675 3608 709 3657 H
719 3604 723 3672 Ι
737 3621 788 3656 non
799 3621 838 3656 οιιι
852 3605 874 3655 C
883 3605 917 3655 H
923 3612 987 3667 txtg
1056 3619 1084 3668 ¹3
1104 3603 1147 3670 qui
1161 3605 1218 3669 (sor
1227 3619 1291 3669 quae
1305 3605 1338 3666 τ’)
1351 3603 1385 3654 H

174 3701 203 3752 ¹4
219 3687 332 3738 ordinem
343 3705 382 3738 om
397 3689 462 3740 CH
557 3688 586 3739 16
597 3689 676 3738 nuber
683 3686 806 3738 ediximus
820 3685 944 3736 Cnubere
955 3683 1063 3734 diximus
1076 3685 1108 3734 H
1203 3698 1234 3734 no
1245 3699 1281 3748 sq.
1299 3681 1376 3733 Coisl.
1476 3735 1478 3742 ¹

172 3785 228 3832 204,
240 3769 257 3819 s.
271 3767 326 3834 3612
337 3769 391 3832 [Cr.
404 3771 437 3820 vi.
451 3783 490 3836 73,
504 3770 547 3820 Fr.
562 3770 618 3832 128]
630 3771 705 3820 mos
716 3770 742 3819 tt
750 3775 836 3830 φονον
845 3768 873 3816 οὐ
883 3769 912 3816 τὸ
923 3767 969 3834 τῆς,
977 3782 1013 3825 τ.,
1028 3766 1102 3813 ιι.τ.λ.
1222 3780 1255 3826 ²4
1273 3764 1321 3814 υἱὸν
1331 3763 1380 3824 (ior

170 3853 234 3915 βίον)
244 3852 284 3902 Cr.
298 3852 352 3916 (per
359 3852 498 3916 incuriam).
599 3865 629 3914 ιγ
648 3853 670 3901 ot
681 3851 759 3900 τοίνυν
769 3850 812 3899 τοῦ
825 3848 897 3904 νόμον
907 3849 985 3897 ιι.τ.λ.
997 3845 1055 3896 cod.
1067 3845 1118 3894 aud
1128 3844 1186 3894 edd.
1221 3845 1270 3896 See
1282 3845 1325 3895 lat.

207 3983 227 4018 1·
261 3983 324 4032 quae
342 3965 409 4031 fidei,
431 3968 476 4018 &c
488 3967 593 4032 ...ponit
612 3966 746 4028 mmm1=
801 3961 852 4012 viii.
868 3975 899 4011 a:
916 3957 945 4010 τό
957 3960 1035 4012 τοίνυν
1047 3959 1141 4018 πνεῦμά
1152 3965 1227 4020 φησιν
1242 3957 1271 4008 τό
1287 3954 1325 4007 ἐπ’
1340 3957 1379 4008 ίλ·

174 4047 255 4098 “fidei
266 4055 291 4097 et
302 4047 472 4112 promissionis
481 4047 553 4112 ponit
561 4044 678 4096 nomeu.’'
695 4045 751 4095 The
802 4048 853 4097 τίδι
864 4045 908 4108 mir
919 4042 1053 4095 ἀθανασίας
1069 4042 1127 4104 ἡμῖν
1143 4043 1274 4103 δεδομένον·
1291 4040 1320 4092 οὗ
1335 4041 1380 4103 τὴν

172 4129 262 4196 phrase
277 4145 340 4194 quae
349 4128 551 4192 ...promisionis
566 4127 587 4177 is
602 4143 635 4176 an
645 4133 751 4190 attempt
801 4125 939 4178 α’τὸλιινσιν
949 4125 965 4186 ἡ
976 4123 1017 4175 ἐπὶ
1034 4121 1078 4175 τόν
1094 4123 1201 4187 Χριστόν
1211 4126 1291 4174 τίστιι
1308 4125 1380 4188 rapt-

172 4221 199 4262 to
210 4212 347 4277 reproduce
358 4210 402 4262 the
412 4209 475 4260 sorm
487 4211 518 4261 of
529 4211 573 4261 the
584 4209 636 4261 Gk.
653 4209 695 4274 (τὸ
709 4211 752 4271 τῆς
804 4225 894 4272 οχηιτεν
905 4207 967 4268 ἡμῖν.

172 4310 209 4350 ra,
221 4292 317 4352 καλ).
834 4293 858 4340 8.
899 4303 998 4340 carnem
1012 4285 1219 4351 temporalem]
1246 4285 1287 4336 Cf.
1299 4303 1325 4352 p.
1339 4301 1378 4351 35,

205 4387 230 4422 a·
252 4371 326 4422 αἰνίί
334 4371 395 4422 diu
404 4371 474 4436 ιαμ]
495 4371 734 4437 cs.p.5r,1.5,sq.
802 4374 819 4423 l.
834 4389 871 4434 ιι,
885 4380 952 4432 note,
968 4372 1018 4422 aud
1030 4370 1110 4435 infra,
1123 4385 1148 4435 p.
1162 4381 1202 4435 94,
1215 4370 1232 4422 l.
1247 4383 1270 4432 5,
1284 4377 1352 4424 note.

204 4475 227 4518 4.
263 4453 337 4505 nisui
351 4460 375 4505 ιι
393 4453 430 4504 ad
442 4453 529 4518 Rom]
555 4469 603 4518 ag.
623 4467 657 4503 on
675 4453 750 4502 Rom.
