3340 5232
335 890 696 966 THEODORUS
751 888 1212 1006 MOPSUESTENUS⁸

394 1091 453 1164 IN
504 1089 828 1165 EPISTOLAM
877 1089 917 1162 B.
968 1087 1139 1164 PAULI

428 1285 530 1376 AD
589 1283 1113 1379 PHILIPPENSES.

514 1585 520 1594 ·
577 1568 963 1636 ARGUMENTUMJ*

230 1751 500 1818 PHILIPPENSES
522 1753 584 1817 uiri
606 1763 702 1818 erant
722 1753 887 1836 eligantes
907 1761 941 1817 et
961 1748 1247 1834 contemplatione
1270 1748 1373 1812 uirtu-

163 1863 237 1918 tum
254 1856 367 1920 multis
383 1865 477 1920 erant
496 1857 658 1934 meliores,
674 1857 731 1940 qui
747 1856 840 1920 etad
856 1877 935 1919 usus
952 1854 1154 1920 necessarios
1171 1853 1261 1916 beati
1278 1849 1372 1914 Pauli

165 1957 305 2022 multam
331 1979 462 2042 semper
486 1959 725 2041 expendebant
751 1958 1020 2034 sollicitudinem,
1045 1957 1213 2021 debitores
1236 1976 1273 2018 se
1302 1955 1372 2018 eius

165 2084 237 2126 esse
258 2063 491 2126 existimantes
511 2071 629 2145 utpote
650 2061 806 2146 apostoli,
823 2071 857 2127 et
875 2063 953 2146 quia
969 2061 1013 2125 ob
1031 2061 1171 2126 aliorum
1192 2058 1372 2124 utilitatem

165 2163 307 2228 multum
328 2165 491 2228 sustinere
513 2165 691 2229 uidebatur
710 2165 868 2230 laborem.
915 2175 948 2228 et
964 2163 1027 2227 hoc
1045 2161 1119 2245 quis
1137 2179 1372 2244 recognoscere
1409 2173 1424 2240 5

164 2269 287 2351 poterit
316 2288 361 2331 ex
388 2268 452 2332 illis
482 2289 568 2351 quae
596 2268 629 2331 in
656 2267 722 2332 fine
749 2267 910 2351 epistolae
936 2267 980 2332 ab
1010 2269 1129 2331 eodem
1160 2263 1265 2328 Paulo
1294 2273 1372 2326 sunt

164 2371 294 2454 scripta.
340 2373 398 2435 sed
415 2371 527 2435 euenit
542 2373 585 2435 de
601 2371 746 2454 primatu
767 2372 1016 2436 contentionem
1037 2369 1158 2432 oboriri
1175 2367 1260 2431 inter
1274 2387 1373 2450 quos·

163 2473 243 2536 dam
268 2473 409 2549 illorum,
435 2482 469 2538 et
492 2473 557 2538 hoc
584 2476 671 2538 inter
699 2474 774 2537 illos
804 2475 861 2557 qui
888 2474 1037 2537 maxime
1061 2471 1240 2536 uirtutibus
1263 2471 1371 2534 ornati

164 2596 235 2639 esse
250 2577 458 2640 uidebantur.
503 2578 639 2642 deducti
662 2598 742 2641 uero
762 2579 897 2642 suntad
914 2577 999 2644 banc
1018 2578 1267 2641 contentionem
1287 2579 1372 2641 sicut

163 2697 264 2759 saepe
285 2677 371 2741 solet
389 2679 475 2743 inter
494 2678 648 2743 homines
669 2679 747 2755 fieri,
773 2681 922 2743 maxime
946 2699 1022 2743 cum
1044 2679 1107 2758 illis
1129 2678 1295 2742 adfuerint
1315 2677 1371 2741 illa
1389 2697 1427 2745 ιο

164 2801 250 2863 quae
276 2792 417 2863 possunt
443 2784 622 2865 primatum
650 2783 714 2845 illis
742 2791 917 2864 praestare.
972 2785 1075 2847 uirtus
1103 2783 1192 2847 enim
1222 2783 1286 2847 hoc
1316 2783 1370 2847 uel

165 2882 313 2945 maxime
342 2883 490 2946 conserte
520 2893 640 2966 potest,
667 2884 746 2948 licet
771 2885 798 2947 si
830 2895 863 2948 et
890 2884 1002 2967 aliqua
1032 2884 1097 2948 alia
1126 2885 1193 2948 sint
1223 2906 1309 2967 quae
1336 2885 1369 2948 id

164 2992 332 3064 praestare
369 2985 519 3066 possint;
565 2983 649 3048 haec
681 2995 807 3064 tamen,
838 2997 1001 3068 quantum
1038 2985 1111 3048 aliis
1149 2977 1265 3050 melior
1298 3005 1370 3049 esse

164 3085 368 3169 perspicitur,
398 3096 495 3150 tanto
525 3087 756 3150 uehementius
791 3088 826 3151 id
857 3088 1005 3150 uindicat
1034 3087 1105 3162 sibi,
1121 3087 1174 3158 ‚si
1193 3108 1260 3150 non
1295 3088 1370 3169 quis

211 3237 226 3264 ⁴
245 3236 337 3302 Incipit
347 3244 521 3301 argumentum
533 3236 558 3286 in
570 3237 677 3302 epistola
686 3239 719 3286 ad
731 3238 904 3302 Philippenses
918 3239 939 3288 C
950 3236 1022 3303 (corr)
1155 3250 1168 3302 7
1185 3237 1276 3288 aboriri
1290 3237 1368 3289 CH:

161 3326 227 3370 txtr
326 3336 356 3370 ro
372 3321 432 3369 dum
445 3320 503 3385 (for
518 3322 585 3381 curn)
602 3338 619 3368 r
716 3337 743 3370 ιι
762 3320 806 3370 illa
825 3319 878 3387 (def
885 3323 960 3386 quae)
974 3337 1013 3370 om
1031 3320 1054 3370 C
1162 3336 1190 3370 ια
1206 3319 1263 3370 licet
1279 3327 1304 3370 et
1319 3319 1369 3370 alia

112 3426 115 3432 ·
161 3403 245 3467 aliqua
256 3418 273 3451 r
371 3415 400 3463 13
417 3401 531 3451 meliores
541 3417 568 3451 se
579 3401 732 3466 perspiciunt
746 3400 781 3450 C*
787 3403 821 3451 H
827 3418 843 3449 r
941 3417 970 3465 ¹4
987 3402 1114 3452 uindicant
1125 3417 1142 3450 r

198 3548 217 3582 ι.
260 3533 434 3598 Philippenses,
462 3531 521 3595 δια]
564 3533 738 3597 ‘Argumentt
820 3533 1020 3596 contemplatione
1037 3531 1176 3596 edredum]
1209 3532 1247 3582 Cf.
1268 3549 1292 3597 p.
1310 3544 1365 3597 117,

161 3614 216 3666 The
229 3617 290 3682 Ap„
302 3617 376 3667 while
388 3619 424 3678 (r)
434 3617 544 3682 praising
555 3616 598 3667 the
609 3617 737 3680 conspicu·
788 3613 805 3662 l.
822 3629 831 3660 r
835 3629 857 3676 3,
872 3620 945 3670 note;
963 3613 1042 3677 infra,
1055 3630 1088 3663 on
1102 3629 1113 3664 r
1127 3613 1191 3663 Tim.
1204 3615 1240 3663 iii.
1254 3618 1278 3666 8.

161 3711 207 3744 ous
217 3697 347 3745 virtuosos
355 3698 397 3746 the
410 3697 574 3762 Philippians,
587 3698 636 3746 and
649 3698 685 3757 (a)
697 3712 738 3746 ac·
821 3694 844 3745 6.
876 3696 905 3743 in
910 3696 966 3758 fine
973 3696 1097 3759 epistolae]
1113 3713 1135 3745 c.
1149 3696 1182 3745 iv.
1198 3702 1299 3748 10-18.

161 3778 338 3842 knowledging
349 3780 413 3829 their
423 3781 514 3845 supply
525 3781 553 3830 ol
566 3779 606 3829 his
622 3778 737 3844 personal
823 3791 859 3826 tr.
894 3777 977 3824 uirtus
987 3777 1055 3825 enim
1066 3775 1116 3836 hoc,
1130 3778 1187 3840 iro]
1221 3779 1310 3845 Comp.
1322 3781 1365 3832 the

159 3859 309 3918 necessities,
323 3858 356 3924 (3)
368 3875 449 3909 warns
460 3862 528 3911 them
540 3861 636 3925 against
650 3857 683 3924 (α)
694 3860 737 3910 the
787 3873 839 3922 arg.
853 3857 879 3905 in
892 3857 994 3906 Cramer
1007 3857 1048 3916 (vi.
1062 3859 1131 3921 caol:
1150 3860 1255 3910 σπανίως
1266 3862 1316 3925 γάρ
1329 3880 1366 3914 τις

159 3941 272 4006 spiritual
294 3941 365 4005 pride
387 3940 468 3990 which
496 3943 546 3990 had
569 3941 669 4004 already
691 3941 736 3990 im·
787 3941 827 3986 rol
848 3937 977 3999 ἁμαρτάνει
998 3939 1036 3986 καὶ
1053 3941 1191 3999 φυσιοῦται·
1212 3941 1241 3988 τὸ
1257 3943 1307 4004 γὰρ
1322 3946 1365 4002 τῆς

159 4019 246 4083 paired
263 4018 327 4068 their
342 4019 421 4082 unity,
438 4019 488 4068 and
504 4021 536 4081 (b)
553 4021 595 4069 the
604 4020 737 4085 Judaizing
787 4023 927 4082 φυσιώσεως
942 4019 1044 4070 ἅπτεται
1058 4023 1105 4068 τῶν
1118 4022 1241 4069 κάλλιστα
1251 4023 1365 4082 βιούντων

159 4096 271 4146 doctrine
286 4095 368 4144 which
386 4096 530 4146 threatened
547 4104 574 4146 to
590 4098 737 4148 undennine
787 4103 826 4150 rel
844 4099 882 4150 ὑπ’
898 4102 973 4150 αὑτοῦ
987 4103 1074 4150 τούτου
1085 4101 1115 4150 ὡς
1125 4103 1157 4150 τὰ
1169 4103 1252 4150 πολλὰ
1268 4104 1364 4166 ἑταιρο-

159 4176 224 4226 their
242 4175 311 4225 saith.
345 4177 401 4225 The
418 4177 467 4240 Ep.
489 4193 540 4226 was
557 4177 655 4227 written
672 4177 735 4227 irum
786 4183 869 4240 μένων.

159 4259 240 4309 Rome
251 4258 342 4322 during
354 4259 380 4308 S.
394 4257 476 4308 Paul’s
487 4258 736 4324 firstimprisonment
823 4281 857 4316 ta.
894 4265 950 4314 licet
960 4265 994 4327 sa]
1027 4263 1067 4314 Cf.
1080 4281 1105 4329 p.
1119 4280 1174 4325 τοι,
1187 4264 1204 4314 l.
1222 4267 1259 4315 18.

157 4339 183 4390 in
196 4337 329 4404 thatcity.'
365 4340 420 4388 The
437 4347 565 4403 argument
583 4341 603 4390 is
620 4341 685 4390 cited
702 4341 737 4405 by
821 4363 859 4410 13.
894 4347 981 4395 melior
1001 4362 1049 4395 esse
1064 4347 1160 4410 persp]
1202 4347 1250 4397 See
1272 4363 1310 4397 vv.
1333 4349 1360 4398 ll.

158 4423 282 4475 Lanfranc
293 4423 320 4471 in
331 4438 364 4471 an
375 4422 535 4472 abbreviated
547 4423 619 4473 lorm-
786 4428 841 4478 The
860 4427 936 4478 MSS.
954 4427 1032 4476 retain
1050 4427 1075 4476 in
1093 4429 1208 4477 uindicat
1223 4445 1239 4478 a
1255 4437 1321 4480 trace
1337 4431 1367 4482 of

190 4502 317 4568 eliganter]
351 4503 389 4553 Cs.
403 4519 426 4569 p.
443 4517 482 4565 rr,
496 4503 514 4552 l.
529 4503 565 4562 16,
583 4513 650 4555 note.
787 4507 829 4556 the
839 4506 944 4572 original
955 4508 1131 4558 construction.
