3340 5232
296 387 357 454 150
620 389 847 440 nneouonus
862 385 1162 442 mopsuestenus
1277 371 1493 460 [11.·14-16.

352 557 419 639 ’ἐστι
439 569 487 621 cst
505 557 592 621 enim
609 568 679 639 pax
704 570 822 636 nostra,
845 561 903 642 qm'
914 560 999 642 fecit
1017 569 1153 641 utraque
1174 570 1331 636 canumet
1351 552 1494 623 milium

281 658 439 738 parietem
461 661 615 722 maceriae
636 661 736 723 soluit
759 661 967 725 inimicitiam
992 661 1027 723 in
1052 681 1147 723 carm
1171 682 1257 736 sua,·
1281 661 1378 743 lcgcm
1401 681 1494 722 ntan-

288 758 439 822 datarum
469 760 504 822 in
532 760 643 837 adratis
670 762 850 838 destituens,
880 773 918 826 ut
951 764 1031 825 duas
1058 762 1174 825 cartdat
1202 762 1238 825 in
1265 783 1298 824 sc
1327 761 1363 825 in
1392 781 1495 823 unum

288 861 447 926 iccmc'mm
476 883 603 939 naccum,
624 864 754 945 faciens
774 875 887 946 pacem
896 889 911 939 ,·
943 877 975 929 ct
999 867 1173 929 mcancilc'ct
1197 877 1345 948 utrosque
1370 866 1406 928 in
1431 884 1494 928 uno

260 979 275 1046 5
289 977 412 1047 carpam
426 965 495 1028 Dea
501 977 564 1048 pcr
576 987 705 1043 crucem,
721 967 913 1052 interficiens
927 969 1135 1033 inimicitiam
1151 969 1186 1032 in
1202 971 1278 1053 ipsa.

355 1096 411 1160 lex
430 1118 488 1180 per
508 1099 790 1164 circumcisionem
813 1122 890 1164 suos
913 1103 957 1165 ab
979 1101 1094 1164 alienis
1116 1102 1294 1181 discreuit;
1317 1101 1406 1164 unde
1433 1120 1494 1163 nec

290 1199 400 1282 aliqua
426 1203 616 1264 communio
638 1204 793 1284 gentibus
815 1225 891 1267 cum
909 1205 1040 1270 Iudaeis
1056 1215 1187 1286 poterat
1201 1226 1281 1270 esse.
1326 1205 1494 1268 circumci-

290 1303 383 1365 sione
405 1314 439 1367 et
461 1305 597 1387 quidem
618 1304 786 1369 habebant
801 1316 1010 1388 potestatem.
1058 1306 1115 1369 sed
1139 1308 1295 1370 dominus
1316 1305 1494 1388 †Christus

290 1423 348 1483 per
385 1407 654 1468 resurrectionem
692 1406 962 1470 inmortalitatem
993 1407 1089 1470 nobis
1119 1418 1298 1489 praestans
1328 1408 1495 1472 destruxit

240 1503 376 1567 tohanc
402 1505 619 1583 diuisionem;
649 1508 683 1570 in
711 1508 877 1572 inmortali
905 1512 1028 1573 etenim
1055 1519 1173 1573 natura
1203 1510 1408 1573 circumcisio
1439 1527 1495 1570 ne-

290 1629 457 1690 quaquam
495 1612 616 1691 poterit
652 1609 815 1674 celebrari.
861 1613 1107 1676 circumcisione
1140 1633 1219 1675 uero
1248 1633 1316 1675 non
1346 1620 1493 1684 extante,

291 1709 380 1772 nulla
407 1710 573 1775 uidebitur
598 1714 760 1794 praeputii
787 1714 1103 1777 et.circumcisi0nis
1129 1735 1201 1777 esse
1230 1713 1405 1790 discretio;
1435 1711 1494 1774 sed

290 1821 324 1874 et
351 1813 496 1893 ipsorum
522 1825 773 1896 praeceptorum
801 1815 908 1897 legem
939 1815 1016 1879 hinc
1046 1836 1174 1878 cessare
1211 1815 1297 1891 fecit,
1328 1811 1494 1894 superflua

290 1916 379 1977 enim
406 1925 485 1978 tunc
511 1917 620 1979 omnis
650 1927 701 1980 est
730 1917 879 1981 definitio
910 1919 1021 2001 legis*
1048 1920 1203 2001 eoquod
1229 1919 1294 1982 iam
1322 1920 1407 1983 ultra
1434 1939 1494 1982 nec

240 2043 274 2106 15
290 2039 426 2101 peccare
456 2021 646 2103 poterimus.
689 2020 753 2084 hoc
775 2043 854 2104 ergo
877 2023 949 2086 uult
971 2024 1088 2099 dicere,
1111 2023 1268 2105 quoniam
1293 2021 1381 2104 ‘ipse
1403 2021 1495 2103 pacis

291 2123 386 2185 nobis
401 2123 515 2186 extitit
530 2134 652 2199 auctor,
667 2126 723 2205 qui
749 2124 839 2187 illam
863 2126 1068 2189 inimicitiam
1094 2137 1128 2190 et
1152 2125 1394 2209 separationem
1409 2143 1495 2206 quae

291 2223 396 2287 inerat
422 2245 465 2287 ex
496 2224 743 2288 circumcisione
766 2229 873 2289 carnis
896 2226 1048 2290 dissoluit
1070 2247 1128 2309 per
1153 2227 1395 2290 resurrectionis
1421 2243 1495 2305 gra·
1546 2249 1549 2254 ·

290 2327 380 2401 tiam,
412 2326 603 2390 inmortales
632 2349 694 2390 nos
728 2329 812 2392 ultra
849 2330 1019 2406 exhibens
1052 2331 1140 2412 apud
1178 2350 1261 2412 quos
1291 2327 1495 2391 circumcisio

290 2431 399 2494 locum
439 2451 506 2494 non
543 2431 646 2495 habet
684 2431 840 2510 ulterius;
879 2434 958 2516 quid
995 2434 1091 2495 enim
1122 2443 1156 2496 et
1187 2431 1334 2496 conferre
1373 2429 1496 2513 poterit

235 2551 278 2598 20
290 2531 519 2596 inmortalibus
557 2534 768 2608 circumcisio,
807 2536 862 2598 ubi
904 2536 1066 2617 praeputii
1106 2535 1260 2598 discretio
1301 2532 1386 2595 ultra
1427 2551 1494 2593 non

288 2637 410 2719 poterit
426 2637 589 2700 inueniri?
631 2635 743 2718 †hanc
759 2651 870 2702 autem
891 2637 1096 2701 inimicitiam
1113 2637 1258 2712 abstulit,
1274 2657 1341 2699 non
1357 2635 1496 2698 circum-

353 2828 370 2892 ri
386 2828 529 2916 Χριστὸς
545 2829 604 2911 τήν
618 2829 671 2894 διὰ
689 2833 745 2911 τῆς
766 2829 975 2900 ἀναστάσεως
993 2829 1179 2895 ἀθανασίαν
1201 2827 1278 2910 ἡμῖν
1300 2823 1492 2912 παρασχών,

288 2931 467 2997 κατέλυσεν
489 2932 546 3012 τὴν
568 2931 726 3020 διαίρεσιν
748 2931 880 3013 ταύτην
905 2933 939 2997 ἐν
960 2931 1026 3017 γὰρ
1048 2929 1201 3018 ἀθανάτῳ
1220 2930 1316 3015 φύσει
1338 2930 1495 3012 περιτομὴ

287 3037 346 3119 μὲν
360 3032 418 3099 οὐκ
439 3031 478 3099 ἂν
497 3033 632 3118 γένοιτο·
655 3033 769 3100 τούτου
793 3034 826 3099 δὲ
849 3033 905 3100 οὐκ
926 3033 1025 3112 ὄντος,
1047 3031 1178 3115 οὐδεμία
1199 3031 1381 3119 φανήσεται
1402 3028 1495 3117 ‹ixpa-

234 3155 272 3222 25
287 3138 416 3218 βύστον
438 3135 493 3200 καὶ
516 3137 790 3224 περιτετμημένοι)
810 3135 980 3222 διάκρισις.
1024 3133 1116 3201 ἀλλὰ
1139 3135 1202 3216 μὴν
1221 3133 1276 3199 nat
1295 3131 1401 3198 αὐτῶν
1423 3135 1471 3198 rai
1478 3158 1496 3196 ν

288 3242 454 3308 ἐντολῶν
469 3238 536 3306 τὸν
551 3239 663 3322 νόμον
679 3238 823 3305 ἐντεῦθεν
832 3240 989 3305 ,ἔπαυσεν
1004 3236 1140 3322 περιττὴ
1154 3237 1218 3326 «γὰρ
1233 3236 1307 3303 τότε
1327 3238 1424 3301 πᾶσα
1436 3237 1496 3301 τοῦ

288 3343 386 3420 νόμον
402 3340 556 3424 διάταξις.

354 3443 487 3528 [ταύτην
511 3441 546 3507 δὲ
571 3441 639 3524 τὴν
664 3442 808 3531 ἔχθραν
831 3442 975 3530 ὀφεῖλον,
998 3441 1035 3508 οὐ
1057 3441 1154 3526 μόνον
1174 3440 1305 3528 α’φελῶν
1326 3441 1385 3522 τὴν
1406 3467 1498 3528 περι-

338 3615 351 3666 7
369 3603 581 3653 circumcisionem
596 3603 662 3667 §H
735 3616 764 3652 ιο
780 3601 914 3651 iussionem
927 3601 984 3666 (sor
993 3601 1075 3666 divis.)
1091 3602 1113 3651 C
1120 3602 1152 3651 H
1159 3621 1166 3652 t
1183 3599 1264 3666 txtgl
1280 3601 1305 3649 in
1316 3617 1355 3649 om
1367 3601 1400 3650 H
1409 3598 1413 3664 Ι
1428 3600 1497 3650 enirn

287 3685 319 3734 H
324 3683 338 3709 ¹
440 3696 469 3746 13
486 3692 510 3733 et
520 3700 559 3732 om
571 3683 618 3732 H*
720 3699 747 3744 ¹⁴
767 3683 894 3732 edehnitio
908 3681 966 3746 (sar
975 3691 1013 3732 est
1024 3681 1087 3745 def.)
1102 3683 1124 3732 C
1127 3681 1141 3707 *
1265 3695 1297 3730 οο
1313 3681 1444 3746 praeputio
1459 3681 1496 3729 C'

288 3785 318 3818 aa
337 3766 413 3817 Coisl.
426 3768 500 3828 2041.
514 3783 534 3813 c.
623 3767 654 3815 28
672 3766 750 3815 Coisl.
763 3781 818 3827 τοι,
833 3765 850 3814 s.
864 3777 892 3827 γι
906 3765 985 3828 a[Cr.
1000 3766 1033 3815 vi.
1050 3781 1103 3832 149,
1119 3765 1162 3814 Fr.
1178 3765 1234 3829 ¹³3]
1251 3765 1364 3826 θεόδωρος
1375 3765 1400 3813 δέ
1412 3770 1497 3825 φησιν·

287 3853 325 3899 ira
336 3851 394 3910 είπῃ
408 3849 447 3897 διδ
457 3847 504 3897 rt»
515 3848 580 3895 ίδίων
593 3845 727 3908 δογμάτων,
741 3864 790 3895 κ.τ.
798 3849 822 3896 λ.

322 3989 343 4040 7.
380 3975 565 4034 circumcisione,
596 3974 654 4036 δια]
695 3975 743 4025 See
771 3991 811 4023 vv.
837 3974 865 4023 tl.
920 3980 946 4023 to
960 3975 1106 4024 necessitate
1120 3973 1170 4023 this
1184 3971 1330 4023 correction.
1360 3972 1416 4022 The
1430 3987 1500 4022 error

289 4058 357 4107 Pitra
373 4063 479 4104 corrects
493 4053 688 4103 circuma'n'om‘s.
723 4054 778 4102 The
795 4069 866 4104 sense
919 4064 984 4107 must
996 4058 1028 4108 be
1037 4058 1085 4107 due
1096 4067 1123 4106 to
1134 4072 1149 4105 ο
1160 4057 1265 4120 copyist,
1273 4055 1356 4104 unless
1365 4055 1407 4104 the
1419 4061 1498 4104 nans·

288 4140 309 4188 is
324 4139 398 4189 much
414 4137 457 4188 the
471 4153 551 4195 samm
571 4135 614 4186 the
626 4135 727 4188 Gentile
741 4137 821 4200 might
835 4137 867 4186 be
919 4139 983 4188 lator
994 4139 1103 4189 mistoolr
1115 4141 1228 4201 διαίρεσιν
1239 4137 1276 4186 ior
1288 4135 1400 4196 διάταξιν.
1432 4137 1498 4184 Len-

287 4217 457 4280 circumcised,
482 4219 531 4268 and
558 4219 615 4268 thus
639 4217 693 4283 (but
717 4219 774 4268 thus
798 4218 867 4281 only)
917 4218 987 4269 franc
1003 4219 1079 4270 found
1093 4219 1241 4282 edifficulty
1253 4218 1279 4267 in
1290 4218 1329 4267 his
1341 4217 1399 4266 MS.
1411 4225 1436 4265 at
1447 4216 1499 4266 this

287 4301 387 4367 acquire
399 4301 441 4350 the
454 4301 519 4364 right
534 4301 564 4349 oi
577 4301 738 4350 communion
754 4300 813 4349 with
825 4300 868 4349 the
918 4303 998 4367 point,
1010 4303 1049 4352 l'or
1063 4303 1096 4352 he
1110 4303 1198 4352 avoids
1212 4301 1255 4352 the
1270 4301 1338 4350 word
1349 4299 1496 4365 altogether,

288 4379 350 4446 Jew.
918 4384 1023 4447 reading
1033 4383 1227 4432 damulam.

323 4477 360 4513 ιο.
395 4462 459 4511 iam
470 4461 625 4523 diuisionem]
652 4461 708 4510 The
724 4459 775 4511 Gk.
788 4477 869 4512 seems
