3292 5206
171 403 196 468 t.
214 418 264 486 27,
280 403 345 488 28.]
537 417 579 468 ιλ
603 418 655 470 se.
679 417 730 469 nn
753 419 1013 473 conossansss.
1313 405 1372 468 281

171 595 205 651 et
221 589 254 652 in
270 586 326 652 illa
341 588 483 672 epistola
497 598 532 654 et
547 588 581 654 in
597 589 660 654 ista
671 590 826 655 similiter
840 593 990 674 posuisse
1010 592 1148 656 uidetur.
1193 591 1275 656 dicit
1298 609 1377 673 ergo

170 691 329 771 quoniam
356 692 591 756 ‘ministerium
617 691 681 758 hoc
707 695 921 758 commissum
949 705 999 759 est
1026 695 1106 759 mihi
1129 717 1150 758 a
1173 695 1248 758 Deo
1271 695 1318 758 ita
1340 702 1377 756 ut

170 811 287 856 omnes
313 793 452 858 doceam
479 794 560 858 iilud
587 797 677 878 quod
708 795 788 859 olim
815 797 971 861 omnibus
995 807 1066 860 erat
1093 799 1265 878 incertum,
1289 815 1377 859 nunc

172 912 251 956 uero
281 896 404 958 sanctis
431 897 501 959 eius
530 905 581 960 est
610 895 801 980 cognitum’
857 901 937 982 quid
965 901 1047 964 illud
1078 899 1168 965 tale?
1212 891 1302 984 quod
1333 897 1377 961 ob

171 997 312 1062 multam
335 1019 431 1063 suam
452 999 638 1066 bonitatem
662 1012 695 1066 et
717 1001 841 1085 gloriae
862 1001 1095 1067 liberalitatem
1116 1004 1218 1068 etiam
1240 1012 1275 1067 et
1297 1021 1378 1086 gen·
1402 1014 1430 1081 *5

171 1098 260 1164 tibus
284 1101 434 1167 similiter
457 1125 571 1168 eorum
594 1106 747 1189 praebuit
769 1105 968 1170 fruitionem.
1013 1126 1091 1169 nam
1122 1105 1278 1189 antiquis·
1294 1115 1378 1169 tem·

171 1205 307 1287 poribus
322 1208 429 1270 omnis
445 1210 552 1290 pietas
568 1210 601 1272 in
624 1209 822 1272 Iudaeorum
838 1230 958 1292 genere
973 1209 1219 1293 circumscripta
1234 1209 1379 1275 habeba·

171 1313 232 1380 tur,
255 1307 411 1388 gentibus
431 1328 510 1373 uero
534 1309 625 1373 nulla
645 1312 688 1373 ad
709 1331 766 1374 eos
785 1321 855 1374 erat
874 1312 1034 1388 societas;
1065 1311 1275 1395 euangelium
1299 1332 1378 1376 uero

171 1425 382 1471 communem
407 1413 560 1475 omnibus
592 1412 777 1477 futurorum
804 1415 956 1495 promisit
980 1415 1205 1490 donationem,
1231 1413 1321 1496 quod
1345 1423 1378 1476 et

172 1511 359 1590 mysterium
393 1523 500 1593 uocat,
531 1536 572 1580 eo
601 1519 691 1600 quod
724 1517 804 1582 olim
835 1527 906 1581 erat
939 1516 1117 1594 occultum,
1148 1537 1235 1579 nunc
1264 1523 1377 1579 autem
1396 1535 1434 1584 10

172 1622 223 1676 est
245 1614 467 1682 manifestum.
520 1640 599 1684 nam
630 1621 709 1703 quia
740 1621 847 1685 dixit:
884 1621 1005 1685 sanetis
1034 1620 1103 1684 eins
1132 1619 1247 1702 qne'bns
1276 1619 1380 1682 naluit

174 1719 270 1796 Deus,
293 1723 336 1785 de
360 1722 521 1804 apostolis
548 1725 636 1788 dixit
660 1734 694 1788 et
721 1724 784 1788 illis
810 1727 866 1808 qui
892 1735 971 1789 tunc
996 1733 1090 1788 erant
1114 1723 1313 1806 praepositi;
1336 1724 1379 1787 de

172 1824 292 1906 quibus
322 1835 356 1889 et
387 1825 541 1909 Ephesiis
571 1829 716 1892 scribens
749 1830 920 1893 euidenter
948 1827 1075 1892 dixisse
1104 1828 1194 1890 uisus
1231 1836 1289 1891 est.
1345 1835 1379 1889 et

172 1927 329 2007 quoniam
345 1928 454 1992 dixit:
477 1949 557 2011 quae
570 1939 649 1994 sunt
661 1929 799 1994 diuitiae
807 1931 935 2015 gloriae
949 1929 1102 2010 mysterii,
1119 1928 1260 1993 adiecit:

235 2097 323 2180 qnod
332 2109 381 2163 est
395 2098 545 2165 cerneus
560 2100 595 2164 in
610 2099 700 2164 nobes
712 2111 781 2184 spes
788 2099 926 2184 gloriae.
1397 2117 1432 2184 ις

237 2235 336 2320 †hoc
346 2247 396 2302 est
408 2259 552 2322 magnae
563 2238 710 2315 diuitiae,
722 2237 755 2302 id
767 2247 826 2314 est,
838 2237 998 2314 Christus,
1011 2243 1045 2300 et
1057 2243 1094 2299 ut
1110 2233 1143 2298 in
1159 2232 1253 2296 illum
1265 2230 1378 2294 creda-

102 2431 106 2438 ·
172 2360 266 2420 mus;
303 2341 357 2406 hic
386 2343 475 2407 enim
506 2352 557 2406 est
586 2341 716 2407 suturae
745 2340 870 2426 gloriae
895 2362 981 2424 spes,
1008 2341 1065 2424 qui
1095 2347 1129 2403 et
1155 2359 1256 2402 causa
1281 2336 1378 2402 nobis

172 2439 334 2534 bonorum
357 2447 479 2525 extitit,
502 2447 631 2510 donans
654 2446 751 2512 nobis
774 2453 812 2509 ut
835 2444 892 2509 illa
915 2441 1161 2528 expectemus*

235 2635 328 2698 queen
343 2635 400 2678 nos
413 2613 656 2687 adnuntiamus,
667 2613 870 2678 admonentes
884 2633 1008 2678 omnem
1022 2615 1190 2692 hominem,
1199 2623 1231 2678 et
1240 2612 1380 2678 docentes

171 2735 295 2778 omnem
310 2714 478 2790 hominem,
490 2715 525 2778 in
540 2714 629 2778 omni
641 2715 808 2798 sapientae,
819 2726 856 2778 et
865 2716 1068 2782 exhibeamus
1081 2737 1205 2780 omnem
1220 2713 1379 2778 hominem
1394 2734 1436 2784 20

164 2817 344 2901 perfectum
359 2817 394 2881 in
412 2815 541 2883 Chresto
554 2817 636 2882 Iesu.

239 2956 344 3020 ‘hunc
368 2951 499 3038 (inquit)
525 2951 766 3036 praedicamus
789 2972 929 3017 omnem·
954 2952 1124 3016 hominem
1154 2953 1313 3018 docentes
1343 2965 1381 3021 ut

174 3061 207 3124 in
229 3080 306 3125 eum
329 3057 485 3124 affectum
505 3055 660 3133 habeant,
680 3065 717 3119 ut
739 3057 773 3118 in
796 3055 942 3119 futurum
958 3057 1095 3140 adsequi
1111 3059 1241 3139 possint
1256 3061 1381 3141 periec-

239 3253 330 3327 οὗτος
352 3253 369 3321 ὁ
390 3252 491 3338 μέγας
513 3255 662 3329 πλοῦτος,
681 3250 699 3318 ὁ
721 3249 865 3340 Χριστὸς
888 3251 943 3318 καὶ
964 3249 1002 3318 τὸ
1022 3251 1072 3316 ἐν)
1095 3249 1185 3338 αὐτῷ
1205 3253 1380 3320 πιστεύειν·

174 3356 343 3444 οἷτσς’·γὰρ
365 3355 457 3438 rimie
475 3353 661 3439 μελλούσης
681 3354 774 3439 δόξης
793 3353 897 3434 ἐλπίς,
914 3351 932 3419 ὁ
952 3353 1007 3420 καὶ
1026 3351 1084 3436 τὴν
1102 3353 1209 3420 αἰτίαν
1228 3353 1304 3439 ἡμῖν
1322 3361 1433 3448 wt125

174 3459 363 3550 προσδοκᾶν
377 3460 483 3526 ἐκεῖνα
496 3457 724 3546 χαρισάμενος.

226 3683 236 3717 ι
255 3666 325 3717 etin
343 3664 387 3714 ilia
405 3663 474 3714 etin
493 3663 542 3713 ista
559 3662 666 3727 epistola
685 3677 701 3710 r
840 3680 856 3724 4
872 3675 946 3725 cogn.
966 3667 1003 3710 est
1022 3658 1055 3725 νΙ
1070 3661 1139 3726 quod
1159 3660 1215 3728 (ser
1233 3663 1303 3729 quid)
1328 3665 1349 3715 C
1367 3681 1383 3715 r

178 3763 204 3798 11
223 3745 442 3797 manifestatumc
458 3741 533 3807 (coer)
659 3759 688 3805 ¹4
705 3740 781 3791 adicit
795 3740 843 3790 Cr
965 3753 993 3804 17
1011 3739 1113 3791 hincH
1218 3757 1248 3807 ομ
1266 3745 1381 3794 effectum

177 3827 258 3878 C'H
384 3841 415 3889 ²4
427 3841 464 3891 sq.
483 3824 559 3875 Coisi
576 3839 630 3887 σοι,
645 3823 661 3872 s.
677 3823 811 3886 15oaICr.
824 3821 857 3871 vi.
871 3819 926 3884 316,
942 3822 982 3873 Fr.
1001 3822 1065 3884 143].
1100 3820 1220 3884 oenone.
1255 3827 1295 3874 rai
1307 3821 1382 3876 ἄλλοι

174 3905 269 3968 ὁμοίως·
286 3905 363 3966 οὗτος,
375 3909 450 3958 nrm.

174 4083 256 4134 draus
274 4083 338 4134 from
357 4083 408 4134 this
424 4098 493 4134 verse
509 4099 542 4133 an
558 4081 672 4148 opposite
694 4095 752 4132 con·
804 4092 833 4142 5:
856 4073 897 4128 νῦν
909 4071 1071 4137 ἀπεκαλύφθη
1084 4077 1133 4125 τοῖς
1146 4075 1222 4137 annu
1238 4075 1382 4129 ἀποστόλοις

174 4167 287 4217 clusion:
305 4165 376 4226 ὄῆλον
388 4165 467 4215 τοίνυν
478 4163 614 4223 κάντεῦθεν,
624 4164 654 4214 dr
665 4163 752 4213 θεασά-
803 4159 876 4212 edroi
892 4163 932 4210 rai
950 4161 1093 4223 προφήταις.
1128 4160 1163 4210 So
1175 4160 1266 4209 Tude:
1283 4163 1380 4211 τοντέσ·

173 4264 244 4310 μενοι
255 4244 337 4298 atreis
347 4248 455 4310 ἔγραψεν
466 4247 510 4306 τὴν
521 4244 661 4304 ἐπιστολὴν.
803 4263 849 4303 τιν,
869 4245 918 4294 τοῖς
941 4244 1086 4292 ἀποστόλοις
1105 4242 1145 4290 end
1163 4243 1212 4291 sois
1234 4241 1274 4292 διὰ
1290 4240 1382 4294 τούτων

210 4347 249 4382 10.
275 4327 753 4394 mysterium...maniflstuen]CMin's
802 4325 996 4377 πεπιστευκόσιν.

175 4426 266 4464 comm.
279 4426 312 4461 on
324 4411 391 4476 Eph.
404 4410 440 4459 iii.
453 4425 485 4474 3.,
499 4409 549 4459 and
561 4417 619 4458 note
631 4409 708 4458 there.
786 4471 790 4480 .
838 4423 876 4473 ¹9·
912 4405 1074 4466 admonentes]
1108 4404 1193 4470 Vulg,
1225 4406 1379 4472 “corripien-

211 4509 248 4546 ιι.
276 4493 426 4558 deapostelis
440 4489 517 4558 date]
551 4491 625 4542 Asin
637 4489 704 4556 Eph.
716 4489 752 4540 iii.
803 4486 872 4549 tes;''
887 4485 1215 4545 Ambrstr.,“monentes.”
