3340 5232
263 391 323 455 142
577 387 804 440 vuuooonus
828 385 1119 438 uorsuusvvnus
1291 369 1332 456 [l.
1350 387 1400 450 22,
1417 373 1468 448 σε·

261 558 352 639 quod
374 557 487 623 omnia
510 559 544 622 iri
570 558 724 622 omnibus
750 557 798 620 sic
823 577 896 621 esse
921 577 998 621 eum
1025 565 1059 620 et
1079 577 1185 639 posse,
1207 555 1292 620 sicut
1310 553 1469 638 possibile

262 669 313 723 est
328 681 404 724 eum
421 680 500 736 esse,
516 661 572 742 qui
595 661 628 722 in
649 679 920 742 unumquemque
940 669 1031 722 totus
1046 656 1127 722 est*
1170 657 1371 721 sufficienter
1388 675 1468 738 ergo

261 761 357 824 illum
387 761 547 825 honorem
577 763 633 844 qui
663 783 742 845 erga
771 782 832 824 nos
862 772 912 825 est
938 761 1092 836 ostendit,
1120 779 1239 842 corpus
1266 780 1327 822 nos
1353 760 1468 822 dicens

261 884 334 928 esse
359 863 490 941 Christi,
517 875 550 929 et
571 864 812 947 plenitudinem
836 865 906 927 eius
928 863 986 946 qui
1005 861 1115 934 omnia
1139 861 1174 924 in
1193 863 1343 926 omnibus
1362 860 1468 924 adim-

232 965 373 1048 5pletur.
418 964 481 1029 hoc
501 967 636 1030 dicens:
662 967 836 1049 ‘quoniam
853 987 914 1029 nos
929 965 1044 1028 fideles
1060 985 1179 1046 corpus
1194 964 1331 1044 quidem
1352 982 1468 1026 sumus

264 1067 396 1133 Christi.
440 1069 609 1133 habemus·
628 1079 740 1133 autem
771 1090 850 1152 prae
874 1069 991 1132 ceteris
1018 1068 1052 1131 in
1082 1067 1179 1130 nobis
1210 1065 1303 1129 illum
1334 1067 1391 1148 qui
1415 1074 1468 1128 est

263 1169 566 1254 incircumscriptus
599 1172 649 1253 (ut
675 1181 766 1235 totus
795 1172 839 1235 sit
869 1171 982 1234 omnia
1012 1171 1046 1232 in
1077 1166 1256 1249 omnibus),
1287 1167 1467 1250 eligantem

157 1257 158 1262 ἵ
264 1275 433 1354 quandam
457 1275 500 1337 ad
524 1294 599 1338 eum
623 1275 823 1356 accipientes
836 1261 1127 1346 'familiaritatem
1160 1270 1323 1350 siquidem
1349 1288 1468 1350 corpus

264 1397 378 1440 sumus
401 1398 462 1441 nos
486 1377 616 1453 Christi,
639 1380 797 1443 maiorem
817 1398 896 1460 prae
919 1378 1037 1441 ceteris
1059 1373 1305 1458 copulationem
1329 1377 1371 1439 ad
1391 1395 1467 1438 eum

213 1497 253 1543 10
264 1478 386 1543 habere
409 1481 501 1563 digni
522 1481 714 1545 existimati.
759 1489 860 1562 caput
880 1490 991 1542 autem
1017 1487 1168 1542 nostrum
1190 1475 1245 1537 ille
1267 1486 1325 1554 est,
1347 1477 1380 1539 in
1400 1497 1468 1560 quo

264 1580 378 1645 diuina
401 1593 519 1645 natura
533 1582 653 1646 affectu
670 1581 834 1645 inhabitat
854 1579 1008 1662 eliganti'
1053 1582 1138 1645 bene
1158 1590 1192 1644 et
1214 1581 1313 1644 ualde
1333 1601 1467 1662 scrupu-

264 1679 335 1746 lose
360 1684 450 1764 quod
474 1705 540 1747 non
563 1685 688 1748 dixerit
710 1682 861 1746 absolute
883 1684 926 1746 de
951 1682 1084 1747 Christo
1108 1686 1164 1766 qui
1191 1684 1373 1754 secundum
1398 1701 1468 1745 car·

264 1803 342 1848 nem
358 1795 416 1862 est,
427 1785 469 1849 de
481 1806 548 1867 quo
559 1787 668 1849 omnis
684 1785 730 1848 illi
746 1796 854 1849 sermo
863 1784 1024 1848 hactenus
1039 1785 1108 1862 fuit,
1121 1787 1278 1868 quoniam
1289 1784 1382 1848 dedit
1392 1803 1468 1847 eum

264 1896 365 1968 caput
387 1886 553 1964 ecclesiae,
577 1889 713 1970 quando
735 1898 829 1969 super
846 1907 970 1950 omnem
990 1887 1149 1951 ecclesiam
1169 1899 1263 1971 caput
1280 1908 1353 1950 eum
1372 1885 1468 1950 dedit.

213 2010 249 2078 15
264 1998 365 2070 caput
389 1990 525 2071 quidem
550 1991 700 2053 omnium
724 1998 776 2053 est
801 1990 983 2052 secundum
1007 1990 1097 2070 quod
1123 1999 1157 2054 et
1179 2009 1296 2053 omnes
1322 1987 1468 2071 aliquam

265 2217 533 2305 θεωρεῖσθαι,τῷ
558 2215 667 2283 πάντα
692 2217 726 2283 ἐν
746 2219 852 2282 πᾶσιν
873 2215 956 2284 εἷναί
975 2243 1011 2283 σε
1036 2214 1135 2283 αὐτὸν
1160 2213 1214 2281 καὶ
1237 2213 1404 2292 δύνασθαι,
1428 2213 1469 2285 ὥς·

265 2319 345 2392 εἰκὸς
358 2321 415 2386 τὸν
429 2319 558 2408 ἑκάστῳ
569 2318 647 2386 ὅλον
662 2319 746 2388 ὄντα.

316 2486 337 2531 r,
351 2485 366 2520 σ
384 2470 419 2520 sic
430 2485 484 2520 esse
494 2485 552 2520 eum
563 2470 606 2535 qui
618 2486 721 2534 unumq.
735 2475 802 2519 totus
813 2477 851 2520 est
862 2471 895 2519 H
1002 2487 1016 2534 3
1034 2485 1099 2536 quae
1113 2469 1187 2520 C*H
1301 2483 1317 2535 9
1333 2476 1429 2520 ceteros
1439 2469 1473 2518 H

268 2567 299 2602 ro
315 2551 401 2602 haberi
416 2551 470 2601 CH
479 2549 484 2618 Ι
498 2559 537 2602 est
547 2551 590 2602 ille
601 2551 636 2601 H
730 2563 759 2602 ιε
777 2551 840 2601 dixit
851 2552 886 2600 H

297 2689 322 2746 6.
356 2689 522 2754 praecam's]
550 2689 600 2740 See
610 2706 650 2740 vv.
664 2689 692 2739 11.
726 2689 778 2740 For
783 2697 848 2754 prae
892 2706 960 2750 κησιε
977 2689 1004 2739 in
1024 2690 1066 2739 the
1083 2691 1146 2740 Man
1164 2689 1248 2740 Christ
1265 2689 1347 2755 Jesus,
1371 2690 1422 2739 and
1444 2689 1470 2740 in

264 2773 449 2835 ceteros=rapd
470 2773 526 2822 robe
546 2773 654 2834 λοιπούς,
676 2771 709 2822 ci.
732 2771 843 2830 R'onsch,
892 2767 936 2818 the
964 2767 1075 2818 Church.
1117 2767 1149 2816 In
1176 2767 1239 2816 both
1266 2781 1335 2816 ceses
1362 2766 1405 2816 the
1432 2765 1469 2815 in·

265 2857 343 2913 Itala,
355 2871 379 2920 p.
395 2869 452 2918 4²2·
893 2848 1012 2912 dwelling
1031 2849 1052 2899 is
1070 2849 1176 2910 εὐδοκίᾳς
1194 2849 1220 2897 in
1233 2849 1306 2913 Jesus
1322 2850 1395 2900 alone
1410 2851 1470 2902 God

301 2950 339 2986 10.
373 2935 403 2986 in
429 2952 478 3000 quo
503 2935 556 2990 diu.
580 2943 634 2986 nat.
657 2935 700 3002 aff.
723 2935 846 2985 inhabitat
893 2929 970 2980 dwelt
994 2931 1024 2980 ὡς
1047 2927 1073 2978 ἐν
1097 2927 1147 2990 υἱῷ,
1177 2929 1231 2986 ie,
1258 2927 1322 2978 ὥστε
1346 2928 1471 2990 &vervices

265 3016 377 3081 ιΙσζξανιὶι]
411 3016 443 3067 In
465 3031 481 3065 a
497 3015 622 3080 fragment
639 3016 668 3066 of
686 3016 725 3066 his
745 3016 844 3066 troetise
892 3009 949 3060 ὅλον
962 3012 1007 3070 μὲν
1021 3007 1100 3071 leur&
1115 3011 1158 3060 τὸν
1173 3012 1357 3073 λωεβανόμενσν,
1371 3011 1470 3074 ἥνωσεν,

266 3114 301 3148 on
322 3099 366 3148 the
387 3097 549 3148 Inoemation
573 3097 679 3163 (Migne,
703 3110 761 3162 971,
783 3100 843 3162 sq.),
891 3090 1074 3154 παρεσκεύασεν
1086 3087 1196 3141 δὲσύτόν
1210 3095 1390 3154 συμμετασχεῖν
1404 3095 1472 3156 αὐτῷ

266 3181 315 3234 Th.
334 3186 416 3231 enters
432 3188 459 3230 at
475 3180 563 3245 length
585 3181 638 3230 into
656 3181 698 3230 the
714 3188 802 3230 nature
818 3181 848 3232 oi
892 3174 974 3233 “lm
987 3171 1031 3234 Τῆῑ
1045 3173 1116 3234 Τῑμῆῑ
1134 3173 1163 3236 ἧς
1182 3172 1254 3225 ῦῦῒόῖ
1273 3175 1286 3226 θ’
1306 3177 1401 3228 θνατῶν
1423 3176 1472 3228 vlit

266 3259 309 3309 the
336 3259 430 3309 Divine
456 3259 623 3308 inhabitation
650 3259 678 3309 in
704 3259 747 3310 the
774 3261 845 3311 homa
891 3253 923 3303 ὧν
944 3253 1016 3317 φύσει
1037 3257 1142 3317 μενέχει·
1178 3257 1210 3306 In
1232 3257 1275 3307 the
1297 3259 1422 3310 members
1443 3259 1474 3310 oi

264 3349 394 3406 mceptns.
428 3341 464 3401 (ι)
486 3342 530 3391 He
541 3340 719 3404 distinguishes
730 3342 773 3392 the
783 3342 842 3391 ἑνοῖ·
893 3335 978 3385 Chn'st
999 3335 1043 3385 the
1068 3336 1161 3385 Divine
1183 3337 1301 3396 &mltum
1321 3337 1343 3386 is
1364 3339 1470 3390 effected
1567 3374 1573 3384 -

266 3440 335 3484 κησιε
355 3423 385 3474 οἰ
403 3425 462 3474 God
481 3425 546 3474 from
569 3424 619 3473 His
638 3424 844 3490 omnipresenee3
892 3419 1000 3483 through
1012 3418 1076 3468 their
1086 3419 1163 3468 union
1173 3420 1234 3470 with
1245 3421 1288 3471 the
1299 3421 1370 3470 homo
1379 3429 1469 3486 suscep-

266 3505 309 3554 the
336 3504 410 3554 latter
436 3504 458 3553 is
485 3500 555 3565 σῠσίᾳ
582 3503 622 3552 καὶ
651 3505 766 3566 ἐνεργείᾳ,
800 3503 844 3553 the
892 3507 939 3552 tvvs.
963 3501 1005 3552 On
1017 3501 1059 3550 the
1067 3501 1227 3566 Christology
1235 3501 1264 3550 oi
1273 3502 1322 3552 this
1333 3503 1471 3566 imponant

264 3586 366 3644 former,
389 3587 482 3648 εὐδοκίσ
508 3585 572 3650 (obre
594 3587 663 3647 οὐσίᾳ
684 3587 766 3649 λέγειν
789 3588 844 3636 οὔτε
891 3597 1004 3647 passage,
1028 3599 1070 3632 see
1097 3583 1204 3644 Domer‚
1230 3594 1261 3632 11.
1286 3583 1303 3634 i.
1326 3599 1352 3648 p.
1376 3598 1407 3650 39
1428 3601 1471 3650 sq..

265 3665 313 3728 μὴν
334 3668 442 3730 ἐνεργείᾳ
464 3667 513 3718 οἶόν
535 3684 563 3716 τε
585 3668 706 3718 ποιεῖσθαι
730 3669 772 3718 τὸν
791 3668 845 3717 θεὸν
892 3665 933 3728 (Ε.
949 3662 1000 3729 Τ.).

265 3749 311 3808 τὴν
321 3749 447 3810 ἐνοίκησιν.
483 3749 508 3798 τί
521 3750 562 3798 οῦν
576 3750 623 3811 ἀρα
637 3749 841 3808 ὑπσλεῐσετσις...
928 3763 965 3811 ι4.
1008 3755 1083 3812 super
1107 3765 1205 3799 omnem
1231 3748 1361 3810 attentam]
1419 3750 1472 3801 See

266 3831 340 3890 δῆλον
358 3831 398 3880 σῦν
415 3830 446 3880 ὡς
463 3831 555 3891 etberto
575 3831 657 3892 λέγειν
671 3832 783 3891 γίνεσθαι
798 3831 843 3890 τὴν
891 3829 972 3881 above
988 3846 1012 3895 p.
1028 3845 1082 3894 139,
1098 3829 1116 3879 1.
1128 3850 1151 3894 4,
1166 3839 1233 3882 note.
1265 3831 1322 3896 Just
1339 3831 1420 3882 below
1433 3831 1474 3896 (pe

266 3911 384 3972 ἐνοίκησιν
405 3907 539 3974 προσήκει).
578 3909 636 3960 God
658 3911 736 3976 being
762 3911 843 3960 uncir·
895 3923 949 3975 143,
958 3911 1057 3972 l.2)the
1065 3912 1224 3962 translatoris
1232 3913 1372 3977 oompelled
1380 3913 1472 3976 togive

265 3993 423 4045 cumscribed
449 3992 477 4042 in
504 4008 604 4043 essence
634 3993 685 4042 and
713 3992 843 4056 operation
891 4010 926 4059 up
937 3994 987 4044 this
998 4009 1130 4044 erroneous
1141 3996 1245 4045 version.
1276 3995 1471 4060 Thinterprets

266 4075 388 4140 pervades
399 4073 441 4124 the
451 4073 567 4124 universe
574 4090 582 4134 3
599 4073 649 4123 His
657 4073 842 4138 complaceam,
891 4072 952 4138 ὑπὲρ
968 4072 1053 4124 πάντα
1071 4090 1098 4124 os
1106 4095 1129 4117 =
1137 4073 1248 4135 μάλιστα
1261 4073 1366 4137 πάντων,
1379 4091 1396 4124 a
1406 4077 1471 4126 view

266 4157 390 4219 however,
415 4157 436 4205 is
457 4163 502 4206 not
524 4155 648 4206 universal
670 4156 778 4216 (ἄπειρος
798 4155 843 4213 μὲν
891 4157 918 4204 in
940 4155 1030 4215 which,
1056 4154 1069 4204 1
1093 4155 1198 4216 believe,
1223 4155 1255 4207 he
1278 4157 1364 4206 stands
1385 4155 1467 4208 alone.

266 4242 316 4304 γὰρ
334 4237 367 4290 ὢν
385 4239 426 4289 καὶ
446 4238 611 4302 ἀεερὶγρσφσς
628 4237 673 4298 τὴν
692 4239 764 4298 φύσιν
783 4233 841 4297 σόρ-
892 4237 954 4287 Oec.
973 4239 1145 4290 summarizes:
1164 4237 1182 4300 vl
1198 4235 1259 4302 ὑπὲρ
1277 4240 1472 4302 ἀγγέλους...τὺν

267 4341 334 4374 εστιν
359 4323 408 4372 τοῖς
434 4321 518 4372 πᾶσιν
561 4317 594 4382 τῇ
615 4320 642 4372 δὲ
667 4319 771 4380 edberto,
795 4320 844 4368 τῶν
891 4319 941 4368 υἱὸν
968 4320 1055 4369 ἔδωκεν
1077 4319 1196 4382 κεφαλήν.
1228 4316 1246 4380 ἥ
1266 4321 1310 4369 τὸν
1330 4320 1388 4370 ὄντα
1409 4317 1472 4384 drap

266 4407 311 4464 μὲν
325 4407 393 4455 ἔστιν
406 4405 566 4468 μακράητῶν
581 4405 608 4452 δὲ
622 4403 714 4466 ἐγγύς).
752 4399 786 4466 (ε)
799 4402 843 4452 Ηε
891 4399 982 4450 πάντα·
1007 4398 1023 4459 ἢ
1046 4397 1108 4464 ὑπὲρ
1130 4399 1212 4450 πάντα
1238 4397 1270 4452 τὰ
1292 4399 1375 4464 ἀγαθὰ
1397 4403 1471 4452 τοῦτο

266 4484 361 4536 further
382 4484 557 4548 distinguishes
579 4485 693 4533 between
718 4483 760 4532 the
785 4483 842 4531 ἐνοὶ·
891 4481 1031 4541 πεποὶηκεν.
