3340 5232
305 337 371 400 224
639 331 867 384 rnnononus
892 330 1185 384 nronsunsrnrvus
1322 317 1514 404 [11.10‚rr.

305 503 414 585 ipsum
442 502 567 568 multae
593 503 755 569 stultitiae
778 502 881 568 habet
903 502 1156 587 probationem3
1182 503 1246 569 hoc
1269 505 1358 569 enim
1381 505 1516 589 quando

304 603 498 687 excogitare
528 605 637 688 potuit
669 604 828 683 Christus,
859 607 887 669 si
917 616 1031 670 tamen
1062 607 1245 670 secundum
1277 605 1408 672 illorum
1443 627 1516 672 sen-

304 707 445 769 tentiam
466 707 537 770 eius
557 706 685 771 factura
706 717 757 772 est
778 729 822 771 ex
844 707 946 771 nihilo
967 708 1081 785 sactus,
1099 709 1155 791 qui
1174 718 1208 772 et
1229 719 1399 774 auctorem
1419 730 1515 774 suum
1545 692 1558 718 '

305 808 368 870 scit
395 806 487 871 illum
515 829 588 873 esse
614 809 774 873 factorem
802 831 898 873 suum
929 818 963 874 et
992 810 1198 874 creatorem?
1247 811 1309 874 nisi
1340 811 1424 875 sorte
1452 811 1517 875 hoc

274 912 428 1001 5dicant,
459 914 617 994 quoniam
647 912 830 978 secundum
861 913 1042 976 daemones
1072 932 1262 995 exaequare
1288 934 1324 977 se
1351 914 1426 979 Deo
1450 934 1516 980 non

306 1015 487 1097 usurpauit.
532 1016 623 1098 quod
646 1013 830 1078 haereticos
850 1016 986 1098 quidem
1008 1015 1163 1079 conuenit
1186 1014 1386 1099 intellegere,
1407 1017 1463 1100 qui
1484 1025 1518 1082 et

305 1133 437 1196 semper
457 1113 556 1198 plena
577 1116 725 1180 insaniae
746 1116 849 1179 uerba
869 1114 1050 1198 loquuntur
1061 1137 1069 1195 ;
1094 1116 1197 1180 Paulo
1210 1136 1289 1180 uero
1310 1137 1377 1182 non
1397 1107 1517 1183 conue-

306 1214 443 1280 niebant
464 1215 547 1281 haec
570 1218 681 1296 uerba,
698 1217 793 1300 quasi
816 1227 853 1282 ut
875 1218 956 1301 quid
980 1238 1138 1301 magnum
1163 1218 1286 1294 diceret
1308 1220 1352 1283 de
1376 1218 1516 1296 Christ0,

306 1315 383 1380 licet
402 1317 483 1382 talia
503 1339 576 1383 esse
593 1320 669 1402 quis
687 1319 777 1383 dicat
789 1318 849 1382 illa
864 1341 950 1402 quae
966 1321 1149 1383 secundum
1167 1319 1288 1384 Filium
1303 1331 1390 1399 sunt,
1407 1321 1518 1406 qualia
1590 1399 1595 1413 Ι

254 1416 354 1489 10illi
369 1419 493 1486 dicunt.
536 1422 692 1486 uidentur
715 1429 828 1485 autem
856 1442 963 1505 neque
983 1441 1119 1486 sensum
1143 1422 1285 1505 apostoli
1308 1425 1518 1507 perspexisse

306 1524 466 1589 dicentis:
489 1524 675 1590 humilitate
698 1546 756 1588 uos
777 1525 998 1588 existimantes
1019 1526 1216 1590 alterutrum
1239 1527 1329 1591 uobis
1348 1526 1518 1609 superemi-

306 1649 386 1693 nere.
435 1630 573 1694 euidens
599 1638 651 1693 est
677 1629 766 1692 enim
793 1629 951 1711 quoniam
975 1628 1008 1691 in
1034 1628 1126 1692 hisce
1149 1629 1258 1692 uerbis
1285 1649 1352 1693 non
1375 1631 1518 1694 minores

305 1732 406 1796 docet
432 1734 583 1798 debitum
609 1732 770 1797 honorem
802 1731 982 1795 maioribus
1009 1729 1205 1815 persoluere,
1229 1732 1288 1795 sed
1312 1742 1518 1816 exaequatos

305 1837 432 1901 honore
450 1838 612 1902 admonet
631 1847 669 1902 ut
692 1856 751 1919 per
773 1833 998 1897 humilitatem
1023 1834 1218 1898 alterutrum
1242 1855 1278 1899 se
1300 1833 1363 1898 sibi
1387 1855 1519 1918 supere·

254 1969 290 2036 15
308 1944 432 2007 minere
459 1943 662 2006 existiment.
711 1940 800 2003 unde
825 1947 859 2001 et
881 1937 1075 2001 alterutrum
1099 1940 1220 2020 posuit,
1245 1947 1281 2002 ut
1306 1948 1340 2001 et
1363 1939 1418 2001 isti
1442 1958 1520 2020 erga

307 2042 382 2107 illos
406 2053 440 2108 et
462 2043 508 2107 illi
532 2063 612 2126 erga
634 2043 716 2106 istos
742 2041 836 2124 paria
857 2039 998 2122 sapiant
1042 2039 1172 2104 adhoc
1196 2039 1298 2104 etiam
1322 2039 1519 2122 exemplum

307 2159 441 2232 aptasse
475 2149 565 2212 uisus
597 2156 660 2225 est,
691 2145 855 2228 siquidem
891 2142 1054 2221 Christus,
1085 2143 1132 2207 ad
1167 2142 1300 2207 Patrem
1334 2142 1519 2206 secundum

306 2254 456 2318 diuinam
473 2262 625 2316 naturam
644 2249 882 2333 aequalitatem
904 2245 1086 2321 uindicans,
1102 2246 1274 2328 adquieuit
1293 2245 1327 2308 in
1348 2245 1519 2309 hominem

306 2358 468 2434 habitare,
490 2367 523 2420 et
544 2357 591 2419 sic
611 2356 771 2438 exiguam
792 2351 882 2435 apud
898 2350 1050 2414 homines
1066 2349 1259 2432 opinionem
1274 2347 1457 2432 adquirere,
1474 2348 1520 2412 ita

253 2485 295 2534 20
309 2469 345 2524 ut
369 2480 429 2523 nec
452 2461 667 2524 aestimarent
688 2479 766 2522 eum
789 2455 882 2520 aliud
902 2455 983 2538 quid
1006 2464 1086 2518 tunc
1105 2474 1178 2518 esse
1198 2462 1330 2538 praeter
1348 2453 1519 2518 hominem

307 2568 426 2644 solum,
452 2565 543 2650 quod
567 2574 602 2629 et
624 2583 696 2628 esse
723 2560 919 2638 uidebatur;
943 2557 1030 2622 ultra
1055 2577 1133 2621 uero
1158 2577 1225 2620 non
1249 2565 1321 2621 erat
1344 2565 1471 2639 aptum,
1493 2557 1519 2620 si

308 2671 437 2736 nullam
456 2668 583 2733 habens
598 2668 641 2731 ad
663 2666 794 2729 Patrem
811 2660 1059 2746 aequalitatem,
1075 2672 1291 2745 praeceptum
1308 2663 1521 2730 solummodo

308 2771 471 2856 implebat
489 2780 608 2834 natura
628 2769 708 2852 ipsa,
725 2776 762 2830 ut
782 2766 1030 2848 obtemperaret
1049 2762 1090 2840 ei,
1106 2763 1338 2827 necessitatem
1357 2763 1405 2827 illi
1426 2765 1521 2848 inpo-

308 2884 418 2939 nente.
463 2873 577 2956 itaque
595 2880 628 2935 et
646 2867 823 2933 ridiculum
844 2877 917 2931 erat
936 2867 1119 2930 secundum
1138 2865 1281 2948 apostoli
1300 2866 1519 2930 intentionem

252 3001 291 3069 25
309 2984 346 3039 ut
361 2976 486 3040 diceret
500 2974 658 3056 quoniam
680 2981 714 3036 et
734 2969 887 3035 Christus
908 2988 974 3031 non
996 2967 1175 3030 insurrexit
1195 2968 1355 3031 aduersus
1376 2967 1519 3043 Patrem,
1550 3017 1555 3026 .

310 3102 418 3165 neque
445 3089 584 3144 conatus
607 3086 659 3143 est
679 3096 797 3160 rapere
819 3072 913 3136 illam
936 3068 1173 3152 aequalitatem
1197 3089 1298 3154 quam
1322 3090 1398 3133 cum
1422 3069 1520 3134 Patre

361 3281 371 3316 v
391 3266 474 3330 stultie
496 3264 549 3326 (sic)
569 3263 603 3312 H
751 3275 766 3324 3
783 3257 921 3309 auditorem
942 3254 1001 3319 (sor
1017 3254 1096 3314 auct.)
1115 3254 1150 3303 H
1298 3267 1310 3316 7
1328 3253 1445 3304 locuntur
1464 3253 1524 3304 CH

313 3361 342 3398 vo
358 3345 409 3396 illic
424 3346 501 3396 C'H
506 3361 523 3395 r
565 3343 608 3394 ilh
623 3343 729 3403 C(corr)
818 3355 850 3390 ro
864 3335 1063 3404 praespexisser
1156 3349 1183 3385 rr
1202 3333 1397 3385 humilitatemr
1491 3349 1518 3384 12

309 3427 524 3493 quoniamomH
630 3427 659 3475 rs
676 3424 807 3474 hominer
918 3432 951 3467 ao
967 3431 1013 3466 nec
1030 3416 1079 3480 (ast
1090 3416 1296 3476 tunc)addCH
1301 3414 1334 3482 νΙ
1349 3423 1452 3482 propter
1464 3417 1473 3478 (
1475 3415 1522 3480 sor

309 3511 416 3575 praeter)
429 3525 445 3558 r
542 3523 570 3558 αι
589 3507 691 3556 ultroc
788 3517 819 3568 ²3
836 3499 983 3553 necessitate
997 3497 1060 3546 CH
1072 3494 1076 3560 Ι
1090 3496 1289 3561 imponentemr

343 3703 367 3754 9.
390 3687 523 3747 litantia,
538 3685 597 3748 dn]
629 3684 771 3751 ‘Grnnting
782 3687 836 3737 that
847 3686 890 3736 the
938 3675 1113 3727 everlstwlce
1126 3675 1201 3742 given
1217 3676 1252 3742 by
1268 3675 1335 3742 Aug·
1352 3675 1427 3728 when
1444 3677 1522 3743 citing

311 3769 390 3818 Arian
402 3767 465 3818 view
476 3766 506 3817 ol
519 3766 561 3816 the
574 3766 667 3815 Person
681 3765 710 3815 oi
725 3766 808 3815 Christ
824 3781 891 3815 were
941 3760 1006 3810 Phil.
1018 3759 1045 3809 ii.
1059 3775 1082 3824 3.

309 3857 411 3910 correct,
426 3851 453 3902 S.
469 3849 531 3899 Paul
543 3848 627 3899 would
638 3848 701 3897 have
711 3848 766 3897 said
784 3848 890 3912 nothing
976 3843 1014 3893 ru.
1047 3842 1076 3890 in
1097 3841 1220 3891 hominem
1242 3840 1364 3901 habitare]
1413 3841 1457 3892 On
1479 3841 1522 3893 the

310 3947 338 3982 so
356 3931 420 3982 little
436 3936 463 3981 to
479 3931 523 3981 the
539 3931 637 3980 honour
652 3929 682 3980 os
694 3929 734 3980 his
752 3931 846 3980 Master
862 3945 890 3978 as
940 3922 1107 3972 Theodoreau
1118 3921 1232 3971 doctrine
1246 3921 1275 3970 ot
1289 3921 1331 3970 rte
1348 3921 1465 3981 sumre
1480 3937 1522 3972 see

310 4012 364 4062 that
388 4011 431 4061 He
453 4010 539 4075 barely
560 4011 690 4061 abstnined
713 4009 777 4060 from
797 4011 891 4074 seizing
940 4019 965 4069 p.
983 4017 1036 4066 ψ,
1051 4003 1067 4053 l.
1086 4019 1123 4064 ro,
1134 4010 1201 4054 note.

309 4104 378 4154 upon
396 4088 490 4138 Divine
509 4089 677 4153 prerogativa
696 4097 723 4139 to
742 4089 826 4138 which
847 4089 889 4138 He
976 4099 1014 4150 19.
1037 4087 1073 4136 ita
1089 4093 1119 4136 ut
1134 4102 1175 4136 nac
1190 4093 1247 4136 aest.
1265 4087 1323 4148 &c.]
1355 4087 1412 4137 The
1428 4087 1521 4138 second

309 4170 360 4220 had
371 4186 405 4219 no
414 4170 465 4234 just
476 4169 568 4220 claim!
940 4188 982 4222 nec
993 4174 1045 4234 (see
1056 4188 1094 4222 vv.
1109 4170 1158 4230 lt),
1174 4169 1258 4220 unless
1274 4185 1290 4218 a
1306 4168 1395 4233 simple
1412 4183 1480 4219 error
1496 4170 1526 4220 ol

345 4263 382 4313 ¹5·
404 4247 686 4301 undect‘alterutrum’
692 4249 786 4314 posuit]
813 4249 889 4309 ‹llll-
940 4255 983 4305 the
1001 4254 1089 4314 scribe,
1112 4269 1171 4322 may
1189 4253 1222 4302 be
1239 4253 1288 4301 due
1307 4259 1334 4301 to
1352 4265 1369 4300 a
1384 4251 1522 4302 misunder-

310 4333 380 4381 hour:
398 4330 518 4381 rendered
529 4332 558 4380 in
570 4332 675 4382 inuicem
688 4332 778 4392 above,
791 4348 814 4398 p.
831 4343 886 4394 215,
940 4336 1057 4401 standing
1075 4335 1104 4387 ol
1123 4335 1166 4386 the
1187 4334 1281 4385 double
1298 4331 1415 4397 negative
1434 4331 1459 4382 in
1479 4333 1521 4382 the

310 4414 352 4462 l.t
380 4412 504 4472 (inuicem,
523 4413 624 4478 Vulg.);
651 4415 797 4464 alterutmm
821 4415 889 4462 how·
942 4417 992 4468 Glr.
