3332 5210
260 355 302 418 80

588 369 816 422 THEODORUS
841 370 1132 422 MOPSUESTENUS

1330 356 1400 440 [IV.
1419 370 1471 436 25.

259 538 442 621 puniuntur
472 561 551 605 uero
581 543 653 606 sine
690 543 804 624 aliqua
842 543 1070 622 excusatione,
1101 543 1129 606 si
1160 561 1317 625 peccasse
1347 541 1469 606 fuerint

259 641 407 720 inuenti;
431 643 611 710 laudantur
636 665 724 722 uero,
751 647 778 709 si
805 647 989 710 secundum
1014 666 1149 709 omnem
1174 644 1466 727 scrupulositatem

259 739 368 825 legem
396 745 574 810 observare
604 747 779 811 noluerint.
825 748 916 831 quod
947 747 1046 811 ualde
1073 749 1213 812 arduum
1242 755 1301 825 est,
1327 755 1362 810 et
1391 765 1467 809 cum

261 843 368 909 multo
407 848 586 930 expeditur
615 848 737 914 labore.
782 870 954 914 seruorum
986 859 1100 913 autem
1131 859 1182 914 est
1219 849 1390 933 proprium
1433 854 1468 910 et

229 967 244 1035 5
261 967 327 1011 non
344 949 533 1029 liberorum,
549 951 613 1016 hoc
629 955 731 1017 modo
743 953 806 1016 sub
822 953 895 1037 lege
911 954 1025 1019 teneri.
1064 962 1100 1018 et
1114 953 1294 1017 ostendens
1307 954 1466 1036 quoniam

260 1053 334 1135 ipsa
348 1057 555 1138 comparatio
571 1078 657 1139 quae
672 1057 715 1120 de
732 1055 827 1140 Agar
842 1057 930 1122 facta
951 1066 1002 1121 est
1024 1078 1092 1122 non
1115 1065 1166 1121 est
1189 1066 1349 1122 extranea
1364 1057 1466 1122 veteri

259 1165 471 1237 testamento,
487 1161 607 1225 adicit:

324 1276 424 1358 Agar
445 1278 532 1342 enim
559 1278 645 1342 δέκα
668 1300 760 1343 moras
782 1289 831 1343 est
853 1281 887 1344 in
914 1278 1069 1354 Arabia·
1102 1278 1314 1361 coniungitur
1334 1300 1410 1344 uero
1437 1279 1470 1343 ei

258 1377 319 1459 qui
331 1399 416 1441 num
429 1389 476 1442 est
489 1380 708 1462 Hierusalem,
723 1383 829 1447 serait
842 1393 949 1446 autem
965 1403 1037 1444 cum
1043 1380 1135 1466 filiis
1148 1380 1229 1445 suis.

209 1527 248 1576 10
324 1504 482 1588 †Arabia
496 1510 642 1593 antiquis
666 1511 874 1593 temporibus
895 1531 961 1573 non
978 1509 1037 1574 illa
1060 1531 1148 1593 quae
1169 1529 1257 1573 nunc
1277 1508 1467 1572 nominatur

257 1605 330 1671 sola
360 1620 450 1690 erat;
474 1611 534 1674 sed
566 1621 600 1675 et
623 1613 769 1676 solitudo
799 1613 917 1689 omniS,
946 1621 980 1676 et
1011 1613 1089 1676 illae
1119 1617 1233 1696 partes
1263 1631 1350 1693 quae
1380 1611 1466 1674 circa

258 1711 474 1776 solitudinem
511 1712 772 1794 habitabantur;
817 1735 878 1778 nec
916 1734 982 1778 non
1018 1722 1052 1778 et
1090 1713 1244 1797 Aegypti
1282 1732 1360 1796 pars
1398 1731 1465 1775 non

323 1895 468 1985 Ἀραβία
482 1894 519 1961 τὸ
533 1895 676 1962 παλαιὸν
689 1893 786 1986 οὐχή
803 1899 858 1962 νῦν
873 1893 973 1965 οὕτως
988 1892 1200 1977 ὀνομαζομένη
1215 1893 1315 1976 μόνον
1327 1893 1465 1974 ἐλέγετο,

258 1999 349 2067 ἀλλὰ
361 2001 424 2089 ’γὰρ
439 1999 458 2082 ἦ
474 2026 509 2066 τε
524 1999 638 2086 ἔρημος
652 2001 749 2064 πᾶσιν
764 1998 820 2064 καὶ
840 1990 882 2064 el
901 1995 975 2085 περὶ
996 1995 1095 2080 αὐτὴν
1115 1996 1283 2080 οἰκούμενα
1304 1994 1396 2080 μέρη,
1412 1994 1466 2062 καὶ

207 2132 242 2198 15
257 2105 320 2188 μὴν
336 2104 460 2186 καὶτῆς
477 2103 646 2188 Αόγύπτον
660 2102 754 2190 μέρος
769 2101 828 2169 οὐκ
844 2102 1030 2190 ἐλάχιστον.

307 2244 518 2304 4autemomH
621 2241 705 2293 6non
717 2251 779 2293 extr.
793 2244 841 2301 (om
852 2243 944 2304 estlH
1039 2243 1229 2293 8enimomH
1291 2257 1368 2306 r3sq.
1387 2239 1475 2288 Coisle

257 2338 314 2387 204,
327 2323 344 2372 f.
358 2325 415 2388 35b
431 2325 485 2386 [Cr.
498 2325 530 2373 vi.
545 2336 583 2386 71,
598 2324 639 2373 Fr.
655 2325 720 2386 1281.
746 2327 860 2388 θεόδωρος
872 2327 970 2390 (marg.)
983 2327 1022 2374 rol
1041 2328 1115 2375 ἄλλος
1127 2326 1154 2376 δέ
1165 2333 1249 2387 φησιν·
1266 2323 1379 2389 ’Δροβὶο,
1393 2326 1464 2374 enh·

260 2421 289 2469 ¹4
307 2403 424 2468 ἄλλο’γαρ
436 2404 488 2468 (sic)
501 2406 557 2455 cod.
573 2403 626 2454 ἀλλ’
638 2407 719 2469 ’Δγαρ
730 2406 787 2455 edd.

290 2511 313 2562 8.
353 2507 428 2577 Agar
442 2511 508 2561 mim
526 2514 553 2562 S·
571 2528 647 2572 arom,
669 2512 726 2574 lto]
763 2511 834 2561 Th.’s

256 2600 308 2644 text
319 2594 440 2644 therefore
451 2594 502 2643 had
512 2594 541 2642 τὸ
551 2594 601 2654 γὰρ
608 2594 688 2656 Ἅγαρ
705 2593 765 2640 Eoi
781 2589 835 2656 ὄρος

256 2677 329 2725 ἐστίν.
369 2675 423 2724 Our
439 2673 572 2724 translator
589 2673 634 2723 has
653 2673 777 2737 faithfulfy
797 2689 834 2722 re·

256 2758 387 2824 presented
399 2757 447 2810 this
464 2757 574 2822 reading,
594 2758 638 2807 the
656 2757 730 2806 Latin
746 2757 835 2806 autho·

256 2841 323 2890 rities
334 2839 565 2902 notwithstanding.

287 2919 493 2983 conraagrlur1=
505 2919 657 2978 συνστοιχεῖτ
675 2935 703 2968 so
714 2919 757 2969 the
772 2921 834 2968 Am·

255 3004 395 3052 brosiaster.
439 3002 470 3051 ln
494 3002 536 3051 the
558 3018 660 3058 comm..
684 3018 729 3051 our
757 3011 834 3051 trans-

256 3085 320 3134 lator
336 3085 428 3148 prefers
443 3082 599 3139 “confinis”
615 3084 729 3134 “adfinis
740 3084 835 3134 ert'¹-

255 3165 299 3216 the
315 3165 458 3229 renderings
475 3165 584 3230 adopted
601 3165 634 3229 by
652 3165 728 3228 Aug,
746 3165 831 3214 Sedul.

256 3245 326 3295 Scot.
360 3244 430 3294 Thus
452 3245 509 3295 “he
527 3247 614 3294 makes
636 3245 769 3295 'l'heodore
791 3245 834 3294 fall

255 3331 310 3377 into
332 3327 375 3376 the
397 3343 514 3377 common
535 3343 603 3377 error
625 3329 655 3377 of
673 3327 835 3391 interpreting

256 3413 396 3472 σινοτοιχεΐ
445 3412 481 3461 ‘is
492 3413 639 3476 eontiguous
649 3409 691 3460 to'
739 3411 783 3460 but
792 3411 835 3460 the

256 3500 364 3554 context,
384 3508 412 3542 as
428 3494 486 3542 well
503 3509 530 3542 as
547 3493 589 3543 the
608 3493 692 3543 Greek
713 3493 834 3556 fragnwnt

256 3573 339 3621 which
358 3571 404 3621 has
422 3573 559 3632 ἱσοδυναμεῖ
575 3573 627 3634 [see
645 3588 671 3636 p.
692 3575 732 3631 82,
754 3572 771 3620 l.
793 3584 832 3630 23,

255 3653 346 3717 insraJ,
372 3653 453 3703 shows
476 3653 529 3703 that
551 3655 593 3703 the
623 3654 728 3703 blunder
749 3655 770 3703 is
793 3654 835 3702 the

257 3733 409 3784 translator's
426 3733 505 3785 own''
523 3733 671 3798 (Lightfoot,
694 3735 850 3794 Galatiam„

257 3832 282 3882 p.
299 3831 354 3882 ²3⁰·
367 3815 443 3879 note).

289 3911 313 3962 p
348 3897 402 3960 qur]
436 3895 472 3946 So
490 3897 575 3947 Seduf.
596 3897 663 3947 Scot.
697 3898 753 3947 The
764 3896 837 3946 other

258 3977 333 4026 latin
344 3977 489 4027 authorities
501 3977 600 4042 rightly,
612 3994 674 4042 quae
681 3995 692 4038 ;
703 3995 744 4028 see
755 3979 836 4028 above

257 4075 281 4124 p.
299 4071 338 4121 74,
356 4056 372 4106 l.
392 4060 407 4106 8
417 4074 425 4116 ;
445 4073 471 4122 p.
490 4059 529 4117 81,
549 4057 567 4106 l.
588 4073 626 4108 ιο.
661 4059 700 4108 Cf.
722 4059 831 4120 Rdnsch,

257 4139 346 4197 [rarat
362 4154 385 4203 p.
401 4128 458 4200 ,ηοξ

294 4240 329 4275 ro
366 4221 463 4272 Araba
474 4228 526 4270 ana
539 4227 610 4285 temp.
623 4220 682 4282 dte]
712 4221 836 4274 Lanfranc

258 4305 386 4371 (followed
408 4304 442 4367 by
461 4303 555 4353 Robert
574 4303 604 4354 of
623 4303 664 4367 B.)
687 4306 837 4369 reproduces

257 4389 307 4438 this
324 4404 435 4454 passage,
453 4388 495 4436 but
514 4403 542 4436 so
559 4387 634 4451 freely
651 4403 678 4436 as
696 4399 723 4437 to
741 4387 837 4436 disturb

255 4470 299 4518 the
316 4483 401 4518 sense:
423 4467 539 4517 “Arabia
556 4477 606 4518 ant.
626 4477 703 4533 temp.
723 4484 772 4518 non
793 4467 836 4516 illa

883 2527 948 2576 quae
961 2528 1027 2562 nunc
1044 2513 1186 2562 nominatur
1202 2513 1256 2562 sola
1273 2522 1324 2563 erat
1342 2513 1404 2578 [non
1423 2516 1465 2568 illa

883 2593 938 2642 sola
949 2602 1001 2644 erat
1013 2610 1077 2658 quae
1088 2609 1154 2643 nunc
1165 2610 1232 2642 nom.
1245 2593 1291 2654 le]
1303 2595 1347 2643 sed
1364 2604 1389 2645 et
1406 2597 1463 2645 soli·

884 2677 945 2725 tudo
955 2685 980 2726 et
991 2692 1048 2741 pars
1059 2691 1109 2725 non
1117 2677 1217 2726 modica
1225 2677 1343 2741 Aegypti,
1358 2677 1408 2726 ubi
1419 2687 1464 2728 est

884 2773 967 2808 mons
991 2757 1074 2816 Sina,
1100 2758 1130 2806 in
1152 2772 1210 2821 quo
1229 2757 1299 2806 data
1316 2767 1382 2808 erat
1402 2758 1461 2810 lex.

884 2840 950 2889 unde
967 2847 992 2890 et
1009 2839 1088 2888 fuerat
1102 2839 1172 2903 Agar
1182 2855 1247 2905 quae
1259 2840 1381 2904 significat
1392 2849 1465 2892 uetus

884 2927 1067 2980 testamentum,
1084 2936 1148 2985 quae
1162 2922 1240 2986 [quod
1259 2921 1303 2983 R]
1319 2931 1422 2987 generat
1438 2924 1464 2972 in

884 3003 1036 3062 seruitutem,
1057 3018 1121 3066 quae
1141 3005 1216 3053 etiam
1241 3005 1398 3070 coniungitur
1421 3022 1465 3071 per

883 3082 1092 3146 significationem
1125 3084 1160 3146 [et
1192 3086 1310 3151 coniung.
1344 3086 1370 3136 in
1400 3087 1463 3151 sign.

885 3163 930 3223 R.]
953 3162 975 3212 ei
997 3163 1131 3213 Ierusalem
1150 3181 1215 3229 quae
1237 3173 1275 3216 est
1298 3167 1323 3216 iu
1346 3167 1394 3217 hoc
1413 3183 1464 3217 sae·

884 3245 948 3303 culo,
963 3244 990 3293 in
1006 3261 1056 3310 qua
1073 3247 1215 3296 testamenti
1231 3247 1343 3312 legitima
1359 3248 1464 3313 implen-

884 3322 950 3375 tur.”

921 3421 956 3457 ῐι.
976 3431 978 3436 ·
995 3407 1038 3455 sed
1050 3414 1073 3456 et
1084 3408 1189 3458 solitudo
1198 3408 1290 3469 omnes]
1307 3409 1338 3458 In
1351 3409 1393 3459 the
1405 3410 1460 3461 MS.

884 3487 914 3536 of
922 3487 1044 3537 Cramer’s
1056 3496 1143 3537 eatena
1156 3487 1207 3550 (see
1218 3506 1258 3538 vv.
1271 3491 1310 3551 ll.)
1322 3490 1372 3540 this
1383 3493 1465 3541 clause

884 3571 970 3621 stands
991 3569 1045 3618 ἀλλ’
1064 3571 1131 3632 ἄγορ
1150 3571 1166 3630 ἥ
1182 3589 1209 3619 τε
1230 3573 1315 3635 ἔρημος
1331 3575 1464 3624 adea-an

884 3669 952 3702 error
963 3652 1001 3702 for
1018 3653 1084 3701 ἀλλὰ
1101 3651 1160 3714 γάρ,
1173 3657 1254 3713 κ.τ.λ.,
1274 3655 1365 3710 which.
1382 3673 1410 3706 as
1427 3657 1465 3705 Dr

887 3735 1015 3799 Lightfoot
1038 3733 1150 3784 remarks
1172 3735 1324 3796 (Galateam,
1354 3753 1379 3802 p.
1410 3749 1464 3800 193,

885 3827 944 3868 note
959 3816 989 3881 r),
1002 3817 1134 3867 illustrares
1148 3817 1190 3867 the
1207 3818 1286 3883 origin
1304 3820 1333 3868 of
1342 3821 1384 3869 the
1396 3820 1465 3868 read·

886 3901 929 3966 ing
948 3899 976 3949 ro*
994 3897 1043 3962 γὰρ
1059 3900 1146 3964 Ἅγαρ,
1170 3900 1226 3950 Gal.
1248 3901 1281 3950 iv.
1302 3917 1339 3965 25.
1378 3903 1416 3950 Dr
1433 3901 1461 3950 L.

886 3997 1005 4049 proposes
1016 3991 1043 4032 to
1058 3991 1152 4032 correct
1167 3981 1209 4032 the
1220 3991 1308 4033 catena
1318 3982 1352 4048 by
1363 3983 1465 4045 reading

886 4065 951 4114 atta
970 4066 1017 4124 rel,
1039 4079 1067 4113 so
1085 4080 1112 4114 as
1132 4073 1159 4114 to
1178 4065 1291 4114 conform
1307 4065 1349 4114 the
1367 4063 1417 4114 Gk.
1439 4071 1465 4111 to

886 4147 928 4197 the
952 4146 1026 4196 Latin
1050 4145 1091 4195 sed
1110 4153 1138 4196 et.
1182 4147 1212 4195 In
1236 4162 1281 4196 our
1309 4145 1461 4202 translation,

886 4229 1009 4288 however,
1028 4228 1070 4275 sed
1086 4243 1191 4293 appears
1211 4237 1237 4276 to
1254 4228 1285 4276 be
1302 4228 1362 4276 used
1379 4241 1406 4276 as
1423 4225 1465 4274 the

886 4307 1026 4371 equivalent
1039 4307 1068 4356 of
1077 4304 1143 4354 ἀλλὰ
1155 4305 1210 4368 γάρ,
1225 4307 1273 4355 and
1291 4306 1335 4354 sed
1348 4301 1467 4354 el=clhhd

885 4389 934 4451 γάρ
946 4390 984 4436 καί
998 4387 1038 4450 (cf.
1051 4404 1101 4452 eg.
1115 4406 1140 4452 p.
1151 4391 1189 4450 85,
1203 4387 1220 4434 l.
1234 4401 1315 4450 amp.
1327 4399 1367 4452 97,
1379 4385 1394 4435 l.
1408 4387 1465 4444 eal:

886 4467 911 4516 in
936 4468 978 4516 the
999 4477 1099 4532 present
1121 4483 1225 4532 passage
1247 4473 1323 4516 el-et
1343 4464 1406 4516 after
1426 4467 1469 4516 sai
