3332 5210
329 389 372 453 68
663 405 891 458 rusooonus
914 406 1205 458 uorsussrsuus
1311 393 1382 478 [IV.
1404 409 1540 476 15-17.

329 576 564 744 interrogatiue
580 580 613 645 id
629 579 806 648 ostendit*
850 589 885 647 et
907 581 1016 648 adhuc
1036 581 1242 648 conlaudans
1262 585 1370 666 ipsam
1391 581 1538 662 beatitu-

354 679 444 745 inem
460 682 583 748 adicit:

396 810 614 877 testimenium
642 813 728 879 enim
745 812 895 897 perhibeo
919 812 1019 893 uobz's,
1044 813 1198 897 quoniam
1222 812 1256 877 si
1268 811 1422 896 possibik
1446 823 1536 888 esset,

329 909 433 976 ocules
446 923 568 979 uestros
581 927 723 981 eruentes
736 915 846 1000 utique
859 915 1025 980 dedissetis
1040 915 1133 981 milei.

300 1056 315 1124 5
396 1055 432 1112 et
457 1047 536 1131 quia
560 1046 721 1114 honorem
747 1050 840 1114 illum
864 1051 921 1135 qui
946 1051 1009 1114 sibi
1034 1051 1078 1114 ab
1104 1049 1167 1113 illis
1188 1048 1295 1113 iuerat
1317 1046 1536 1132 praestitutus

330 1147 427 1224 dixit,
444 1150 623 1216 ostendens
645 1151 744 1216 simul
767 1155 824 1236 qui
841 1162 874 1218 et
897 1153 1005 1236 qualis
1027 1151 1133 1228 fuerit,
1157 1172 1302 1235 quamue
1326 1171 1475 1233 magnus,
1498 1158 1543 1212 et.

330 1267 433 1330 quam
448 1251 620 1330 sufficiens,
637 1263 674 1318 ut
696 1255 798 1319 etiam
816 1257 1000 1321 secundum
1020 1256 1085 1320 hoc
1107 1266 1140 1319 et
1159 1255 1378 1318 reuerentiam
1400 1253 1534 1316 illorum

331 1351 476 1430 haberet,
492 1357 551 1422 sed
575 1378 663 1422 nunc
680 1360 836 1448 omnibus
858 1360 1002 1444 negotiis
1025 1361 1201 1424 ueritatem
1219 1357 1533 1442 praehonorandam

330 1475 403 1558 csse
419 1459 636 1539 existimaret,
650 1464 772 1528 adicit:

279 1619 320 1672 10
396 1609 505 1695 itaque
518 1607 670 1678 inimicus
685 1613 775 1678 uobis
780 1615 897 1698 sactus
911 1636 984 1680 sum
1000 1635 1113 1680 uerum
1128 1616 1235 1680 dicens
1249 1614 1367 1679 uobis?

397 1748 474 1813 ‘sed
505 1770 582 1814 ecce
608 1749 734 1814 taliaa
764 1750 862 1814 uobis
891 1750 1070 1815 adsecutus
1101 1749 1223 1816 inimici
1254 1752 1406 1816 ordinem
1443 1769 1534 1814 nune

331 1849 447 1916 uideor
461 1853 610 1937 implere,
627 1855 805 1919 ueritatem
821 1854 1086 1940 praehonorans!
1131 1857 1258 1938 optime
1274 1865 1385 1918 autem
1402 1846 1534 1930 adiecit,

329 1973 444 2019 uerum
471 1955 578 2020 dicem
603 1955 700 2032 uobis,
725 1958 773 2021 ita
798 1966 926 2022 utnon
956 1957 1065 2021 solum
1096 1959 1243 2022 ueritatis
1272 1957 1533 2021 sollicitudinem

329 2055 454 2124 habere
478 2059 737 2138 existimaretur,
761 2060 820 2125 sed
842 2081 918 2126 cum
944 2081 1060 2125 eorum
1081 2062 1292 2144 prouidentia
1310 2061 1344 2124 id
1363 2081 1399 2124 se
1415 2059 1534 2123 iecisse

278 2175 313 2242 15
330 2160 474 2228 doceret.
518 2164 667 2229 ostendit
688 2165 777 2230 enim
797 2165 957 2247 quoniam
979 2175 1115 2249 propter
1133 2164 1207 2228 illos
1231 2175 1265 2229 et
1285 2163 1349 2228 hoc
1369 2164 1416 2227 ita
1434 2163 1534 2228 suerit

328 2273 472 2346 gestum,
499 2275 534 2331 et
564 2275 601 2331 ut
625 2287 667 2332 ne
691 2288 711 2331 a
737 2268 879 2331 ueritate
908 2277 1060 2331 extorres
1085 2267 1220 2344 fierent;
1261 2265 1308 2330 ita
1338 2276 1375 2330 ut
1405 2265 1534 2348 species

329 2365 466 2447 quidem
490 2367 659 2434 uideretur
682 2389 754 2433 esse
779 2369 981 2446 inimicitiae,
1013 2389 1097 2452 opus
1127 2389 1206 2433 uero
1233 2369 1331 2453 ipsud
1355 2369 1532 2446 amicitiae,

328 2477 364 2536 et
378 2469 530 2536 inimicos
546 2493 591 2536 ex
606 2475 858 2558 comparatione
872 2472 1037 2549 incusans,
1053 2473 1167 2538 adicit:

391 2624 600 2710 aemulantur
613 2645 670 2689 uos
684 2645 746 2689 non
760 2624 839 2690 bene.

272 2778 316 2827 20
392 2759 482 2826 bona
505 2760 648 2826 adiectio
674 2760 730 2826 illa
751 2782 837 2844 quae
857 2759 980 2825 adiecit
1000 2760 1133 2824 dicens:
1155 2781 1218 2824 nore
1242 2758 1322 2824 bene.
1367 2766 1417 2822 est
1441 2757 1532 2823 enim

327 2872 362 2928 et
391 2865 477 2930 bene
507 2864 675 2942 aemulari,
705 2866 841 2947 quando
879 2864 953 2948 quis
990 2865 1117 2929 bonurn
1154 2865 1320 2929 demirans
1350 2863 1423 2927 uult
1453 2884 1533 2928 eum

326 2966 460 3031 imitari.

390 3113 449 3177 sed
458 3112 620 3177 etelredere
634 3133 690 3176 uos
705 3112 825 3191 uolunt,
842 3123 879 3177 ut
893 3113 966 3177 illes
980 3113 1194 3179 aemulemini.

374 3297 531 3364 5pracstitus
542 3298 577 3348 H
652 3299 668 3347 8
685 3297 887 3362 non(sernunc)
901 3299 955 3349 CH
964 3298 967 3364 Ι
983 3306 1010 3349 ut
1022 3299 1077 3364 (bes
1081 3300 1143 3360 non)
1154 3298 1207 3348 add
1213 3297 1234 3347 C
1245 3296 1319 3362 (cerr)
1421 3313 1446 3346 rr
1466 3311 1533 3345 som

327 3377 367 3430 C*
473 3391 500 3444 17
518 3395 581 3445 opus
592 3395 615 3430 u.
630 3379 647 3429 i.
659 3379 832 3430 amicitiaeve:
844 3381 878 3430 H
904 3381 985 3446 ipsum
1001 3379 1106 3445 C(cerr)
1203 3395 1235 3429 20
1251 3394 1301 3442 qua
1315 3375 1372 3427 Εἰ
1388 3393 1445 3426 corr
1455 3393 1533 3442 quam

324 3475 353 3511 rr
372 3461 497 3512 aemulme
511 3461 551 3512 C*
563 3462 597 3511 H
604 3461 609 3527 Ι
624 3464 691 3512 enlm
703 3462 839 3526 (soreum)
854 3461 892 3512 C*
905 3464 939 3513 H
1032 3477 1061 3512 m
1080 3461 1177 3511 imitare
1190 3459 1229 3510 C*

322 3646 373 3711 γὰρ
399 3645 445 3697 τίς
467 3641 521 3696 dni
544 3649 589 3697 τοῦ
609 3649 664 3697 ἑοῦ
689 3648 803 3700 τέθεικεν.
850 3645 904 3697 Ποῦ
954 3665 1037 3700 comes
1059 3648 1217 3712 remarkably
1238 3663 1298 3697 near
1319 3655 1346 3696 to
1369 3647 1417 3698 Th.
1444 3651 1471 3702 in
1493 3653 1534 3705 his

322 3729 374 3778 had
393 3728 419 3778 in
438 3727 488 3778 fact
507 3730 571 3780 been
591 3731 691 3794 already
708 3731 829 3780 admitted
850 3731 903 3780 into
953 3747 1044 3782 comm.
1063 3747 1096 3781 on
1115 3731 1164 3780 this
1182 3731 1232 3779 and
1251 3730 1294 3780 the
1312 3729 1441 3797 following
1460 3751 1532 3799 para-

322 3827 392 3862 some
419 3819 484 3862 texts
513 3813 598 3863 before
626 3813 669 3863 the
701 3829 747 3877 age
779 3815 808 3863 ol
837 3815 902 3874 Th.;
951 3814 1048 3878 gmph:
1071 3814 1138 3862 tero
1154 3813 1204 3874 γὰρ
1221 3814 1260 3860 rul
1280 3813 1350 3872 ζῆλος
1369 3816 1440 3864 καλὸς
1462 3817 1533 3865 ὅταν

322 3896 342 3944 it
371 3893 393 3944 is
421 3894 499 3944 found
526 3896 552 3946 in
584 3897 636 3952 Be,
665 3895 691 3944 in
725 3896 767 3945 the
799 3895 902 3946 Peshito
952 3911 995 3945 τις
1012 3892 1085 3943 οὕτω
1096 3895 1181 3956 ζηλοῖ
1193 3890 1265 3942 ὥστε
1277 3891 1463 3954 μιμήσασθαι
1479 3899 1533 3955 τὴν

327 3977 474 4076 (ΩΔ-ιη’)
494 4002 544 4052 and
560 4001 585 4050 in
597 4001 640 4051 the
652 4000 737 4065 Vulg.,
752 4000 847 4064 though
860 3999 902 4050 the
953 3973 1073 4036 ἀρετήν’
1102 3974 1168 4068 “ji‘'
1196 3975 1236 4066 m}
1258 3973 1328 4034 ζῆλος
1347 3978 1447 4072 tornois
1467 3975 1533 4025 ὥστε

322 4098 355 4148 Ο.
377 4099 407 4146 L.
430 4097 481 4147 had
502 4113 571 4161 quae,
621 4093 692 4146 Thjs
714 4093 901 4158 interpretation
952 4057 1081 4119 ἐκβάλλειν
1099 4072 1142 4116 ⁷²1³
1164 4055 1250 4116 diffres
1269 4057 1311 4104 τὸν
1329 4057 1532 4118 κατορθουντα·ὅ

322 4177 511 4230 shewsthathe
523 4176 643 4241 regarded
658 4173 723 4234 ὑμῶν
739 4191 767 4225 as
784 4175 827 4225 the
843 4191 900 4240 gen.
953 4137 981 4198 δή
999 4139 1038 4186 καὶ
1062 4139 1128 4186 aurel
1152 4140 1193 4186 νῦν
1212 4140 1380 4200 ἐπιχειροῦσιν,
1407 4138 1456 4198 τῆς
1479 4141 1533 4198 μὲν

321 4261 401 4310 osthe
411 4261 488 4325 offla·
952 4223 1065 4272 τελείας
1076 4224 1209 4286 γνώσεως
1223 4225 1382 4284 ἐκβάλλειν
1395 4225 1533 4272 θέλοντες

358 4353 394 4390 10.
429 4339 495 4389 „0555
506 4339 532 4402 s
554 4337 586 4399 ς’]
624 4338 674 4386 Th·
694 4337 901 4388 seemstohave
955 4307 1137 4355 ..leonini
1160 4307 1211 4364 μὲν
1233 4307 1262 4354 ἐν
1284 4305 1364 4364 τάξει
1386 4305 1531 4353 κάθωνται

318 4399 554 4482 ,mmmm
952 4387 1149 4440 διδασκάλων.
1186 4385 1257 4443 ὑμᾶς
1292 4385 1408 4433 tem
1446 4385 1530 4444 τάξει

355 4519 394 4554 er.
417 4503 694 4560 est..,beneoemulan',
712 4503 769 4564 deo]
810 4503 898 4566 Chrys.
952 4466 1180 4527 '‘²⁷““⁷'l“‘”⁰‘⁹
1202 4467 1348 4526 μαθητῶν·
