<?xml version="1.0" encoding="UTF-8"?>
<!DOCTYPE html PUBLIC "-//W3C//DTD XHTML 1.0 Transitional//EN"
    "http://www.w3.org/TR/xhtml1/DTD/xhtml1-transitional.dtd">
<html xmlns="http://www.w3.org/1999/xhtml" xml:lang="en" lang="en">
 <head>
  <title>
</title>
<meta http-equiv="Content-Type" content="text/html;charset=utf-8" />
  <meta name='ocr-system' content='tesseract 3.04.00' />
  <meta name='ocr-capabilities' content='ocr_page ocr_carea ocr_par ocr_line ocrx_word'/>
</head>
<body>
  <div class='ocr_page' id='page_1' title='image "./theodoriepiscop01theogoog_0148.png"; bbox 0 0 3332 5210; ppageno 0'>
   <div class='ocr_carea' id='block_1_1' title="bbox 217 373 1422 466">
    <p class='ocr_par' dir='ltr' id='par_1_1' title="bbox 217 373 1422 466">
     <span class='ocr_line' id='line_1_1' title="bbox 217 373 1422 466; baseline 0.013 -28"><span class='ocrx_word' id='word_1_1' title='bbox 217 373 362 460; x_wconf 89' lang='lat' dir='ltr'>111.2o.]</span> <span class='ocrx_word' id='word_1_2' title='bbox 623 389 663 441; x_wconf 78' lang='lat' dir='ltr'>nr</span> <span class='ocrx_word' id='word_1_3' title='bbox 689 391 741 456; x_wconf 73' lang='lat' dir='ltr'>ap.</span> <span class='ocrx_word' id='word_1_4' title='bbox 765 393 815 442; x_wconf 79' lang='lat' dir='ltr'>an</span> <span class='ocrx_word' id='word_1_5' title='bbox 838 393 1034 446; x_wconf 56' lang='lat' dir='ltr'>cataras.</span> <span class='ocrx_word' id='word_1_6' title='bbox 1377 402 1422 466; x_wconf 79' lang='lat'>49</span> 
     </span>
    </p>
   </div>
   <div class='ocr_carea' id='block_1_2' title="bbox 213 561 1418 860">
    <p class='ocr_par' dir='ltr' id='par_1_2' title="bbox 213 561 1418 860">
     <span class='ocr_line' id='line_1_2' title="bbox 213 561 1418 648; baseline 0.005 -24"><span class='ocrx_word' id='word_1_7' title='bbox 213 571 267 635; x_wconf 75' lang='lat' dir='ltr'>est,</span> <span class='ocrx_word' id='word_1_8' title='bbox 283 561 374 626; x_wconf 93' lang='lat' dir='ltr'>idem</span> <span class='ocrx_word' id='word_1_9' title='bbox 390 563 447 646; x_wconf 94' lang='lat' dir='ltr'>qui</span> <span class='ocrx_word' id='word_1_10' title='bbox 464 572 498 628; x_wconf 91' lang='lat' dir='ltr'>et</span> <span class='ocrx_word' id='word_1_11' title='bbox 512 562 622 646; x_wconf 83' lang='lat' dir='ltr'>legem</span> <span class='ocrx_word' id='word_1_12' title='bbox 639 572 719 628; x_wconf 91' lang='lat' dir='ltr'>tunc</span> <span class='ocrx_word' id='word_1_13' title='bbox 740 564 855 643; x_wconf 85' lang='lat' dir='ltr'>dedit;</span> <span class='ocrx_word' id='word_1_14' title='bbox 878 573 913 630; x_wconf 92' lang='lat' dir='ltr'>et</span> <span class='ocrx_word' id='word_1_15' title='bbox 936 587 1023 630; x_wconf 95' lang='lat' dir='ltr'>nunc</span> <span class='ocrx_word' id='word_1_16' title='bbox 1045 565 1111 644; x_wconf 89' lang='lat' dir='ltr'>illa,</span> <span class='ocrx_word' id='word_1_17' title='bbox 1128 587 1214 648; x_wconf 93' lang='lat' dir='ltr'>quae</span> <span class='ocrx_word' id='word_1_18' title='bbox 1236 569 1418 632; x_wconf 90' lang='lat' dir='ltr'>secundum</span> 
     </span>
     <span class='ocr_line' id='line_1_3' title="bbox 215 661 1417 746; baseline 0.005 -17"><span class='ocrx_word' id='word_1_19' title='bbox 215 661 387 729; x_wconf 85' lang='lat' dir='ltr'><strong>Christum</strong></span> <span class='ocrx_word' id='word_1_20' title='bbox 414 675 504 746; x_wconf 91' lang='lat' dir='ltr'>sunt,</span> <span class='ocrx_word' id='word_1_21' title='bbox 535 666 775 733; x_wconf 81' lang='lat' dir='ltr'>excellentiora</span> <span class='ocrx_word' id='word_1_22' title='bbox 807 669 1069 735; x_wconf 82' lang='lat' dir='ltr'>demonstrauit’</span> <span class='ocrx_word' id='word_1_23' title='bbox 1115 672 1274 736; x_wconf 90' lang='lat' dir='ltr'>conuenit</span> <span class='ocrx_word' id='word_1_24' title='bbox 1304 681 1417 735; x_wconf 92' lang='lat' dir='ltr'>autem</span> 
     </span>
     <span class='ocr_line' id='line_1_4' title="bbox 213 771 1416 860; baseline 0.006 -29"><span class='ocrx_word' id='word_1_25' title='bbox 213 787 280 831; x_wconf 93' lang='lat' dir='ltr'>non</span> <span class='ocrx_word' id='word_1_26' title='bbox 309 789 418 832; x_wconf 91' lang='lat' dir='ltr'>rerum</span> <span class='ocrx_word' id='word_1_27' title='bbox 446 771 618 834; x_wconf 88' lang='lat' dir='ltr'>intendere</span> <span class='ocrx_word' id='word_1_28' title='bbox 655 771 872 853; x_wconf 80' lang='lat' dir='ltr'>differentiae,</span> <span class='ocrx_word' id='word_1_29' title='bbox 902 772 963 836; x_wconf 92' lang='lat' dir='ltr'>sed</span> <span class='ocrx_word' id='word_1_30' title='bbox 1000 774 1186 860; x_wconf 63' lang='lat' dir='ltr'>operantisv</span> <span class='ocrx_word' id='word_1_31' title='bbox 1207 775 1416 858; x_wconf 90' lang='lat' dir='ltr'>dignitatem,</span> 
     </span>
    </p>
   </div>
   <div class='ocr_carea' id='block_1_3' title="bbox 105 873 1416 962">
    <p class='ocr_par' dir='ltr' id='par_1_3' title="bbox 105 873 1416 962">
     <span class='ocr_line' id='line_1_5' title="bbox 105 873 1416 962; baseline 0.008 -29"><span class='ocrx_word' id='word_1_32' title='bbox 105 935 110 942; x_wconf 78' lang='grc'>,</span> <span class='ocrx_word' id='word_1_33' title='bbox 211 873 338 940; x_wconf 89' lang='lat' dir='ltr'>sincera</span> <span class='ocrx_word' id='word_1_34' title='bbox 355 881 467 939; x_wconf 90' lang='lat' dir='ltr'>mente</span> <span class='ocrx_word' id='word_1_35' title='bbox 482 875 717 958; x_wconf 85' lang='lat' dir='ltr'>perspicientes</span> <span class='ocrx_word' id='word_1_36' title='bbox 733 896 841 939; x_wconf 89' lang='lat' dir='ltr'>rerum</span> <span class='ocrx_word' id='word_1_37' title='bbox 858 876 1078 940; x_wconf 82' lang='lat' dir='ltr'>differentiam</span> <span class='ocrx_word' id='word_1_38' title='bbox 1094 897 1101 955; x_wconf 93' lang='lat'>;</span> <span class='ocrx_word' id='word_1_39' title='bbox 1118 887 1152 942; x_wconf 90' lang='lat' dir='ltr'>et</span> <span class='ocrx_word' id='word_1_40' title='bbox 1167 889 1416 962; x_wconf 83' lang='lat' dir='ltr'>competentem</span> 
     </span>
    </p>
   </div>
   <div class='ocr_carea' id='block_1_4' title="bbox 123 974 1483 2607">
    <p class='ocr_par' dir='ltr' id='par_1_4' title="bbox 123 974 1483 2607">
     <span class='ocr_line' id='line_1_6' title="bbox 212 974 1469 1063; baseline 0.006 -25"><span class='ocrx_word' id='word_1_41' title='bbox 212 974 255 1039; x_wconf 92' lang='lat' dir='ltr'>de</span> <span class='ocrx_word' id='word_1_42' title='bbox 281 976 346 1041; x_wconf 91' lang='lat' dir='ltr'>illis</span> <span class='ocrx_word' id='word_1_43' title='bbox 370 985 404 1041; x_wconf 94' lang='lat' dir='ltr'>et</span> <span class='ocrx_word' id='word_1_44' title='bbox 426 987 687 1042; x_wconf 82' lang='lat' dir='ltr'>consentaneam</span> <span class='ocrx_word' id='word_1_45' title='bbox 704 978 818 1042; x_wconf 92' lang='lat' dir='ltr'>diuino</span> <span class='ocrx_word' id='word_1_46' title='bbox 841 979 963 1043; x_wconf 93' lang='lat' dir='ltr'>iudicio</span> <span class='ocrx_word' id='word_1_47' title='bbox 986 981 1183 1063; x_wconf 87' lang='lat' dir='ltr'>depromere</span> <span class='ocrx_word' id='word_1_48' title='bbox 1205 983 1415 1060; x_wconf 83' lang='lat' dir='ltr'>sententiam,</span> <span class='ocrx_word' id='word_1_49' title='bbox 1455 991 1469 1056; x_wconf 89' lang='grc'>5</span> 
     </span>
     <span class='ocr_line' id='line_1_7' title="bbox 211 1076 1417 1166; baseline 0.007 -27"><span class='ocrx_word' id='word_1_50' title='bbox 211 1076 260 1142; x_wconf 85' lang='lat' dir='ltr'>ita</span> <span class='ocrx_word' id='word_1_51' title='bbox 286 1088 323 1143; x_wconf 93' lang='lat' dir='ltr'>ut</span> <span class='ocrx_word' id='word_1_52' title='bbox 350 1079 489 1143; x_wconf 85' lang='lat' dir='ltr'>meliora</span> <span class='ocrx_word' id='word_1_53' title='bbox 519 1079 603 1142; x_wconf 86' lang='lat' dir='ltr'>haec</span> <span class='ocrx_word' id='word_1_54' title='bbox 634 1100 707 1144; x_wconf 92' lang='lat' dir='ltr'>esse</span> <span class='ocrx_word' id='word_1_55' title='bbox 734 1089 939 1163; x_wconf 91' lang='lat' dir='ltr'>reputentur,</span> <span class='ocrx_word' id='word_1_56' title='bbox 962 1102 1050 1164; x_wconf 91' lang='lat' dir='ltr'>quae</span> <span class='ocrx_word' id='word_1_57' title='bbox 1076 1084 1166 1166; x_wconf 92' lang='lat' dir='ltr'>apud</span> <span class='ocrx_word' id='word_1_58' title='bbox 1191 1085 1417 1149; x_wconf 88' lang='lat' dir='ltr'>uniuersitatis</span> 
     </span>
     <span class='ocr_line' id='line_1_8' title="bbox 212 1179 1483 1252; baseline 0.008 -9"><span class='ocrx_word' id='word_1_59' title='bbox 212 1179 325 1244; x_wconf 92' lang='lat' dir='ltr'>Deum</span> <span class='ocrx_word' id='word_1_60' title='bbox 340 1181 422 1247; x_wconf 86' lang='lat' dir='ltr'>talia</span> <span class='ocrx_word' id='word_1_61' title='bbox 437 1203 509 1246; x_wconf 92' lang='lat' dir='ltr'>esse</span> <span class='ocrx_word' id='word_1_62' title='bbox 525 1183 689 1247; x_wconf 91' lang='lat' dir='ltr'>uidentur.</span> <span class='ocrx_word' id='word_1_63' title='bbox 733 1185 1012 1249; x_wconf 89' lang='lat' dir='ltr'>considerandum</span> <span class='ocrx_word' id='word_1_64' title='bbox 1037 1195 1088 1250; x_wconf 91' lang='lat' dir='ltr'>est</span> <span class='ocrx_word' id='word_1_65' title='bbox 1114 1186 1191 1250; x_wconf 90' lang='lat' dir='ltr'>hinc</span> <span class='ocrx_word' id='word_1_66' title='bbox 1215 1189 1317 1251; x_wconf 86' lang='lat' dir='ltr'>etiam</span> <span class='ocrx_word' id='word_1_67' title='bbox 1335 1189 1415 1252; x_wconf 91' lang='lat' dir='ltr'>illud</span> <span class='ocrx_word' id='word_1_68' title='bbox 1482 1221 1483 1224; x_wconf 37' lang='lat'>¹</span> 
     </span>
     <span class='ocr_line' id='line_1_9' title="bbox 211 1285 1414 1371; baseline 0.01 -24"><span class='ocrx_word' id='word_1_69' title='bbox 211 1285 302 1367; x_wconf 93' lang='lat' dir='ltr'>quod</span> <span class='ocrx_word' id='word_1_70' title='bbox 325 1286 527 1364; x_wconf 72' lang='lat' dir='ltr'>dicebamus</span> <span class='ocrx_word' id='word_1_71' title='bbox 545 1287 704 1369; x_wconf 89' lang='lat' dir='ltr'>quoniam</span> <span class='ocrx_word' id='word_1_72' title='bbox 719 1286 775 1350; x_wconf 89' lang='lat' dir='ltr'>illa</span> <span class='ocrx_word' id='word_1_73' title='bbox 791 1308 877 1369; x_wconf 89' lang='lat' dir='ltr'>quae</span> <span class='ocrx_word' id='word_1_74' title='bbox 892 1290 1075 1354; x_wconf 92' lang='lat' dir='ltr'>secundum</span> <span class='ocrx_word' id='word_1_75' title='bbox 1092 1289 1261 1357; x_wconf 89' lang='lat' dir='ltr'>Christum</span> <span class='ocrx_word' id='word_1_76' title='bbox 1277 1305 1362 1371; x_wconf 90' lang='lat' dir='ltr'>sunt,</span> <span class='ocrx_word' id='word_1_77' title='bbox 1382 1298 1414 1358; x_wconf 90' lang='lat' dir='ltr'>in</span> 
     </span>
     <span class='ocr_line' id='line_1_10' title="bbox 123 1373 1416 1480; baseline 0.009 -29"><span class='ocrx_word' id='word_1_78' title='bbox 123 1373 127 1378; x_wconf 56' lang='grc'>’</span> <span class='ocrx_word' id='word_1_79' title='bbox 212 1388 322 1454; x_wconf 91' lang='lat' dir='ltr'>suturo</span> <span class='ocrx_word' id='word_1_80' title='bbox 338 1391 471 1455; x_wconf 90' lang='lat' dir='ltr'>saeculo</span> <span class='ocrx_word' id='word_1_81' title='bbox 486 1411 599 1454; x_wconf 90' lang='lat' dir='ltr'>ueram</span> <span class='ocrx_word' id='word_1_82' title='bbox 621 1390 849 1474; x_wconf 89' lang='lat' dir='ltr'>adsequentur</span> <span class='ocrx_word' id='word_1_83' title='bbox 866 1390 1128 1474; x_wconf 91' lang='lat' dir='ltr'>plenitudinem;</span> <span class='ocrx_word' id='word_1_84' title='bbox 1150 1397 1285 1476; x_wconf 92' lang='lat' dir='ltr'>quando</span> <span class='ocrx_word' id='word_1_85' title='bbox 1308 1419 1416 1480; x_wconf 92' lang='lat' dir='ltr'>neque</span> 
     </span>
     <span class='ocr_line' id='line_1_11' title="bbox 210 1493 1472 1581; baseline 0.009 -27"><span class='ocrx_word' id='word_1_86' title='bbox 210 1512 348 1574; x_wconf 86' lang='lat' dir='ltr'>peccare</span> <span class='ocrx_word' id='word_1_87' title='bbox 378 1512 563 1575; x_wconf 74' lang='lat' dir='ltr'>possumus</span> <span class='ocrx_word' id='word_1_88' title='bbox 601 1514 710 1576; x_wconf 91' lang='lat' dir='ltr'>neque</span> <span class='ocrx_word' id='word_1_89' title='bbox 742 1493 965 1577; x_wconf 87' lang='lat' dir='ltr'>legitimorum</span> <span class='ocrx_word' id='word_1_90' title='bbox 999 1495 1186 1578; x_wconf 86' lang='lat' dir='ltr'>indigemus</span> <span class='ocrx_word' id='word_1_91' title='bbox 1222 1497 1414 1581; x_wconf 91' lang='lat' dir='ltr'>aliquorum.</span> <span class='ocrx_word' id='word_1_92' title='bbox 1435 1513 1472 1559; x_wconf 84' lang='lat'>¹0</span> 
     </span>
     <span class='ocr_line' id='line_1_12' title="bbox 211 1594 1415 1684; baseline 0.009 -28"><span class='ocrx_word' id='word_1_93' title='bbox 211 1594 335 1657; x_wconf 90' lang='lat' dir='ltr'>etenim</span> <span class='ocrx_word' id='word_1_94' title='bbox 350 1595 377 1656; x_wconf 91' lang='lat' dir='ltr'>si</span> <span class='ocrx_word' id='word_1_95' title='bbox 394 1597 495 1658; x_wconf 90' lang='lat' dir='ltr'>etiam</span> <span class='ocrx_word' id='word_1_96' title='bbox 511 1606 545 1659; x_wconf 86' lang='lat' dir='ltr'>et</span> <span class='ocrx_word' id='word_1_97' title='bbox 561 1595 644 1660; x_wconf 87' lang='lat' dir='ltr'>fides</span> <span class='ocrx_word' id='word_1_98' title='bbox 660 1596 726 1659; x_wconf 88' lang='lat' dir='ltr'>iam</span> <span class='ocrx_word' id='word_1_99' title='bbox 748 1597 781 1659; x_wconf 94' lang='lat' dir='ltr'>in</span> <span class='ocrx_word' id='word_1_100' title='bbox 806 1596 871 1658; x_wconf 92' lang='lat' dir='ltr'>illis</span> <span class='ocrx_word' id='word_1_101' title='bbox 892 1616 964 1659; x_wconf 91' lang='lat' dir='ltr'>esse</span> <span class='ocrx_word' id='word_1_102' title='bbox 985 1596 1138 1661; x_wconf 86' lang='lat' dir='ltr'>uideatur</span> <span class='ocrx_word' id='word_1_103' title='bbox 1149 1619 1158 1676; x_wconf 93' lang='lat'>;</span> <span class='ocrx_word' id='word_1_104' title='bbox 1190 1601 1249 1664; x_wconf 91' lang='lat' dir='ltr'>sed</span> <span class='ocrx_word' id='word_1_105' title='bbox 1272 1611 1306 1665; x_wconf 93' lang='lat' dir='ltr'>et</span> <span class='ocrx_word' id='word_1_106' title='bbox 1322 1623 1415 1684; x_wconf 88' lang='lat' dir='ltr'>prae·</span> 
     </span>
     <span class='ocr_line' id='line_1_13' title="bbox 212 1697 1414 1788; baseline 0.009 -30"><span class='ocrx_word' id='word_1_107' title='bbox 212 1697 407 1775; x_wconf 83' lang='lat' dir='ltr'>uaricanrus,</span> <span class='ocrx_word' id='word_1_108' title='bbox 433 1706 466 1760; x_wconf 91' lang='lat' dir='ltr'>et</span> <span class='ocrx_word' id='word_1_109' title='bbox 491 1698 565 1780; x_wconf 87' lang='lat' dir='ltr'>lege</span> <span class='ocrx_word' id='word_1_110' title='bbox 589 1699 804 1781; x_wconf 90' lang='lat' dir='ltr'>prohibemur</span> <span class='ocrx_word' id='word_1_111' title='bbox 830 1720 976 1781; x_wconf 91' lang='lat' dir='ltr'>peccare.</span> <span class='ocrx_word' id='word_1_112' title='bbox 1022 1700 1194 1783; x_wconf 90' lang='lat' dir='ltr'>apostolus</span> <span class='ocrx_word' id='word_1_113' title='bbox 1219 1723 1299 1787; x_wconf 87' lang='lat' dir='ltr'>ergo</span> <span class='ocrx_word' id='word_1_114' title='bbox 1322 1726 1414 1788; x_wconf 88' lang='lat' dir='ltr'>prae-</span> 
     </span>
     <span class='ocr_line' id='line_1_14' title="bbox 212 1801 1414 1890; baseline 0.008 -26"><span class='ocrx_word' id='word_1_115' title='bbox 212 1801 449 1864; x_wconf 88' lang='lat' dir='ltr'>uaricationum</span> <span class='ocrx_word' id='word_1_116' title='bbox 464 1803 572 1883; x_wconf 86' lang='lat' dir='ltr'>gratia</span> <span class='ocrx_word' id='word_1_117' title='bbox 591 1802 699 1884; x_wconf 91' lang='lat' dir='ltr'>legem</span> <span class='ocrx_word' id='word_1_118' title='bbox 716 1803 904 1884; x_wconf 84' lang='lat' dir='ltr'>adpositam</span> <span class='ocrx_word' id='word_1_119' title='bbox 921 1825 993 1868; x_wconf 91' lang='lat' dir='ltr'>esse</span> <span class='ocrx_word' id='word_1_120' title='bbox 1007 1804 1104 1882; x_wconf 90' lang='lat' dir='ltr'>dixit,</span> <span class='ocrx_word' id='word_1_121' title='bbox 1120 1807 1213 1888; x_wconf 88' lang='lat' dir='ltr'>quasi</span> <span class='ocrx_word' id='word_1_122' title='bbox 1235 1809 1325 1890; x_wconf 92' lang='lat' dir='ltr'>quod</span> <span class='ocrx_word' id='word_1_123' title='bbox 1349 1811 1414 1874; x_wconf 91' lang='lat' dir='ltr'>iam</span> 
     </span>
     <span class='ocr_line' id='line_1_15' title="bbox 211 1901 1415 1988; baseline 0.01 -24"><span class='ocrx_word' id='word_1_124' title='bbox 211 1901 296 1966; x_wconf 88' lang='lat' dir='ltr'>ultra</span> <span class='ocrx_word' id='word_1_125' title='bbox 318 1902 375 1968; x_wconf 91' lang='lat' dir='ltr'>lex</span> <span class='ocrx_word' id='word_1_126' title='bbox 394 1905 427 1966; x_wconf 94' lang='lat' dir='ltr'>in</span> <span class='ocrx_word' id='word_1_127' title='bbox 444 1905 537 1968; x_wconf 93' lang='lat' dir='ltr'>nobis</span> <span class='ocrx_word' id='word_1_128' title='bbox 553 1926 621 1968; x_wconf 91' lang='lat' dir='ltr'>non</span> <span class='ocrx_word' id='word_1_129' title='bbox 641 1905 765 1969; x_wconf 87' lang='lat' dir='ltr'>habeat</span> <span class='ocrx_word' id='word_1_130' title='bbox 781 1905 900 1983; x_wconf 89' lang='lat' dir='ltr'>locum,</span> <span class='ocrx_word' id='word_1_131' title='bbox 917 1916 994 1988; x_wconf 90' lang='lat' dir='ltr'>post</span> <span class='ocrx_word' id='word_1_132' title='bbox 1011 1906 1133 1974; x_wconf 91' lang='lat' dir='ltr'>Christi</span> <span class='ocrx_word' id='word_1_133' title='bbox 1155 1909 1336 1974; x_wconf 89' lang='lat' dir='ltr'>aduentum</span> <span class='ocrx_word' id='word_1_134' title='bbox 1351 1931 1359 1986; x_wconf 89' lang='lat'>;</span> <span class='ocrx_word' id='word_1_135' title='bbox 1375 1934 1415 1976; x_wconf 91' lang='lat' dir='ltr'>eo</span> 
     </span>
     <span class='ocr_line' id='line_1_16' title="bbox 211 2005 1468 2095; baseline 0.007 -29"><span class='ocrx_word' id='word_1_136' title='bbox 211 2005 300 2085; x_wconf 92' lang='lat' dir='ltr'>quod</span> <span class='ocrx_word' id='word_1_137' title='bbox 336 2025 444 2088; x_wconf 93' lang='lat' dir='ltr'>neque</span> <span class='ocrx_word' id='word_1_138' title='bbox 473 2006 666 2090; x_wconf 91' lang='lat' dir='ltr'>inpossibile</span> <span class='ocrx_word' id='word_1_139' title='bbox 695 2009 738 2071; x_wconf 92' lang='lat' dir='ltr'>sit</span> <span class='ocrx_word' id='word_1_140' title='bbox 768 2029 828 2071; x_wconf 92' lang='lat' dir='ltr'>nos</span> <span class='ocrx_word' id='word_1_141' title='bbox 856 2008 942 2074; x_wconf 91' lang='lat' dir='ltr'>ultro</span> <span class='ocrx_word' id='word_1_142' title='bbox 973 2011 1208 2091; x_wconf 89' lang='lat' dir='ltr'>praeuaricare.</span> <span class='ocrx_word' id='word_1_143' title='bbox 1254 2014 1412 2095; x_wconf 91' lang='lat' dir='ltr'>quoniam</span> <span class='ocrx_word' id='word_1_144' title='bbox 1435 2027 1468 2091; x_wconf 84' lang='lat'>15</span> 
     </span>
     <span class='ocr_line' id='line_1_17' title="bbox 209 2111 1414 2196; baseline 0.007 -25"><span class='ocrx_word' id='word_1_145' title='bbox 209 2117 322 2173; x_wconf 88' lang='lat' dir='ltr'>autem</span> <span class='ocrx_word' id='word_1_146' title='bbox 346 2111 529 2175; x_wconf 90' lang='lat' dir='ltr'>secundum</span> <span class='ocrx_word' id='word_1_147' title='bbox 550 2120 759 2195; x_wconf 86' lang='lat' dir='ltr'>praesentem</span> <span class='ocrx_word' id='word_1_148' title='bbox 784 2112 898 2188; x_wconf 89' lang='lat' dir='ltr'>uitam,</span> <span class='ocrx_word' id='word_1_149' title='bbox 923 2123 956 2176; x_wconf 91' lang='lat' dir='ltr'>et</span> <span class='ocrx_word' id='word_1_150' title='bbox 981 2121 1058 2196; x_wconf 93' lang='lat' dir='ltr'>post</span> <span class='ocrx_word' id='word_1_151' title='bbox 1076 2114 1259 2178; x_wconf 89' lang='lat' dir='ltr'>aduentum</span> <span class='ocrx_word' id='word_1_152' title='bbox 1284 2113 1414 2194; x_wconf 87' lang='lat' dir='ltr'>Christi,</span> 
     </span>
     <span class='ocr_line' id='line_1_18' title="bbox 210 2213 1414 2297; baseline 0.008 -23"><span class='ocrx_word' id='word_1_153' title='bbox 210 2213 333 2276; x_wconf 91' lang='lat' dir='ltr'>subditi</span> <span class='ocrx_word' id='word_1_154' title='bbox 357 2213 467 2277; x_wconf 89' lang='lat' dir='ltr'>adhuc</span> <span class='ocrx_word' id='word_1_155' title='bbox 493 2234 566 2277; x_wconf 91' lang='lat' dir='ltr'>esse</span> <span class='ocrx_word' id='word_1_156' title='bbox 593 2215 746 2277; x_wconf 91' lang='lat' dir='ltr'>uidemur</span> <span class='ocrx_word' id='word_1_157' title='bbox 770 2223 807 2277; x_wconf 91' lang='lat' dir='ltr'>ut</span> <span class='ocrx_word' id='word_1_158' title='bbox 834 2215 1078 2297; x_wconf 89' lang='lat' dir='ltr'>delinquamus,</span> <span class='ocrx_word' id='word_1_159' title='bbox 1104 2224 1138 2278; x_wconf 93' lang='lat' dir='ltr'>et</span> <span class='ocrx_word' id='word_1_160' title='bbox 1161 2215 1224 2280; x_wconf 92' lang='lat' dir='ltr'>hac</span> <span class='ocrx_word' id='word_1_161' title='bbox 1248 2217 1291 2281; x_wconf 90' lang='lat' dir='ltr'>de</span> <span class='ocrx_word' id='word_1_162' title='bbox 1315 2239 1414 2284; x_wconf 89' lang='lat' dir='ltr'>causa</span> 
     </span>
     <span class='ocr_line' id='line_1_19' title="bbox 210 2314 1414 2400; baseline 0.007 -22"><span class='ocrx_word' id='word_1_163' title='bbox 210 2314 317 2398; x_wconf 86' lang='lat' dir='ltr'>legem</span> <span class='ocrx_word' id='word_1_164' title='bbox 349 2318 557 2400; x_wconf 87' lang='lat' dir='ltr'>indigemus;</span> <span class='ocrx_word' id='word_1_165' title='bbox 587 2319 639 2381; x_wconf 92' lang='lat' dir='ltr'>cui</span> <span class='ocrx_word' id='word_1_166' title='bbox 666 2329 700 2381; x_wconf 92' lang='lat' dir='ltr'>et</span> <span class='ocrx_word' id='word_1_167' title='bbox 727 2318 939 2382; x_wconf 91' lang='lat' dir='ltr'>intendentes</span> <span class='ocrx_word' id='word_1_168' title='bbox 962 2339 982 2381; x_wconf 90' lang='lat' dir='ltr'>a</span> <span class='ocrx_word' id='word_1_169' title='bbox 1009 2319 1142 2396; x_wconf 91' lang='lat' dir='ltr'>delicto,</span> <span class='ocrx_word' id='word_1_170' title='bbox 1166 2321 1348 2386; x_wconf 92' lang='lat' dir='ltr'>secundum</span> <span class='ocrx_word' id='word_1_171' title='bbox 1379 2335 1414 2388; x_wconf 90' lang='lat' dir='ltr'>ut</span> 
     </span>
     <span class='ocr_line' id='line_1_20' title="bbox 209 2422 1414 2507; baseline 0.005 -22"><span class='ocrx_word' id='word_1_172' title='bbox 209 2442 395 2504; x_wconf 74' lang='lat' dir='ltr'>possumus</span> <span class='ocrx_word' id='word_1_173' title='bbox 416 2443 478 2486; x_wconf 87' lang='lat' dir='ltr'>nos</span> <span class='ocrx_word' id='word_1_174' title='bbox 500 2422 676 2486; x_wconf 87' lang='lat' dir='ltr'>extrahere</span> <span class='ocrx_word' id='word_1_175' title='bbox 707 2442 933 2505; x_wconf 85' lang='lat' dir='ltr'>properamus</span> <span class='ocrx_word' id='word_1_176' title='bbox 980 2443 1079 2486; x_wconf 90' lang='lat' dir='ltr'>nemo</span> <span class='ocrx_word' id='word_1_177' title='bbox 1104 2424 1175 2487; x_wconf 93' lang='lat' dir='ltr'>istis</span> <span class='ocrx_word' id='word_1_178' title='bbox 1198 2434 1310 2507; x_wconf 92' lang='lat' dir='ltr'>potest</span> <span class='ocrx_word' id='word_1_179' title='bbox 1337 2449 1414 2491; x_wconf 87' lang='lat' dir='ltr'>con-</span> 
     </span>
     <span class='ocr_line' id='line_1_21' title="bbox 208 2523 1472 2607; baseline 0.002 -22"><span class='ocrx_word' id='word_1_180' title='bbox 208 2523 378 2601; x_wconf 91' lang='lat' dir='ltr'>tradicere,</span> <span class='ocrx_word' id='word_1_181' title='bbox 409 2546 449 2588; x_wconf 93' lang='lat' dir='ltr'>eo</span> <span class='ocrx_word' id='word_1_182' title='bbox 476 2524 568 2607; x_wconf 92' lang='lat' dir='ltr'>quod</span> <span class='ocrx_word' id='word_1_183' title='bbox 596 2525 727 2587; x_wconf 89' lang='lat' dir='ltr'>interim</span> <span class='ocrx_word' id='word_1_184' title='bbox 759 2525 860 2588; x_wconf 91' lang='lat' dir='ltr'>medii</span> <span class='ocrx_word' id='word_1_185' title='bbox 885 2525 1022 2607; x_wconf 92' lang='lat' dir='ltr'>quidam</span> <span class='ocrx_word' id='word_1_186' title='bbox 1051 2547 1174 2604; x_wconf 92' lang='lat' dir='ltr'>sumus,</span> <span class='ocrx_word' id='word_1_187' title='bbox 1201 2528 1287 2591; x_wconf 91' lang='lat' dir='ltr'>sicut</span> <span class='ocrx_word' id='word_1_188' title='bbox 1317 2538 1350 2592; x_wconf 91' lang='lat' dir='ltr'>et</span> <span class='ocrx_word' id='word_1_189' title='bbox 1382 2532 1412 2592; x_wconf 93' lang='lat' dir='ltr'>in</span> <span class='ocrx_word' id='word_1_190' title='bbox 1431 2544 1472 2589; x_wconf 79' lang='lat'>20</span> 
     </span>
    </p>
   </div>
   <div class='ocr_carea' id='block_1_5' title="bbox 206 2612 1465 3124">
    <p class='ocr_par' dir='ltr' id='par_1_5' title="bbox 206 2612 1465 3124">
     <span class='ocr_line' id='line_1_22' title="bbox 208 2612 1414 2708; baseline 0.007 -22"><span class='ocrx_word' id='word_1_191' title='bbox 208 2626 430 2706; x_wconf 90' lang='lat' dir='ltr'>superioribus</span> <span class='ocrx_word' id='word_1_192' title='bbox 453 2626 534 2692; x_wconf 88' lang='lat' dir='ltr'>dixi.</span> <span class='ocrx_word' id='word_1_193' title='bbox 580 2626 761 2690; x_wconf 89' lang='lat' dir='ltr'>secundum</span> <span class='ocrx_word' id='word_1_194' title='bbox 786 2612 894 2690; x_wconf 69' lang='lat' dir='ltr'>fidem&#39;</span> <span class='ocrx_word' id='word_1_195' title='bbox 910 2627 1046 2708; x_wconf 94' lang='lat' dir='ltr'>quidem</span> <span class='ocrx_word' id='word_1_196' title='bbox 1069 2628 1102 2690; x_wconf 95' lang='lat' dir='ltr'>in</span> <span class='ocrx_word' id='word_1_197' title='bbox 1123 2628 1187 2691; x_wconf 94' lang='lat' dir='ltr'>illis</span> <span class='ocrx_word' id='word_1_198' title='bbox 1212 2630 1278 2692; x_wconf 87' lang='lat' dir='ltr'>iam</span> <span class='ocrx_word' id='word_1_199' title='bbox 1299 2651 1414 2695; x_wconf 88' lang='lat' dir='ltr'>sumus</span> 
     </span>
     <span class='ocr_line' id='line_1_23' title="bbox 208 2729 1413 2809; baseline 0.007 -19"><span class='ocrx_word' id='word_1_200' title='bbox 208 2729 399 2809; x_wconf 89' lang='lat' dir='ltr'>constituti;</span> <span class='ocrx_word' id='word_1_201' title='bbox 430 2749 676 2793; x_wconf 86' lang='lat' dir='ltr'>commoramur</span> <span class='ocrx_word' id='word_1_202' title='bbox 705 2750 785 2793; x_wconf 91' lang='lat' dir='ltr'>uero</span> <span class='ocrx_word' id='word_1_203' title='bbox 813 2730 846 2793; x_wconf 90' lang='lat' dir='ltr'>in</span> <span class='ocrx_word' id='word_1_204' title='bbox 873 2731 945 2793; x_wconf 88' lang='lat' dir='ltr'>istis</span> <span class='ocrx_word' id='word_1_205' title='bbox 977 2732 1097 2808; x_wconf 90' lang='lat' dir='ltr'>adhuc,</span> <span class='ocrx_word' id='word_1_206' title='bbox 1125 2732 1250 2808; x_wconf 80' lang='lat' dir='ltr'>fratres,</span> <span class='ocrx_word' id='word_1_207' title='bbox 1276 2743 1413 2799; x_wconf 85' lang='lat' dir='ltr'>naturae</span> 
     </span>
     <span class='ocr_line' id='line_1_24' title="bbox 208 2831 1412 2917; baseline 0.007 -25"><span class='ocrx_word' id='word_1_208' title='bbox 208 2831 419 2896; x_wconf 88' lang='lat' dir='ltr'>mortalitate.</span> <span class='ocrx_word' id='word_1_209' title='bbox 465 2833 554 2896; x_wconf 92' lang='lat' dir='ltr'>unde</span> <span class='ocrx_word' id='word_1_210' title='bbox 584 2841 618 2896; x_wconf 91' lang='lat' dir='ltr'>et</span> <span class='ocrx_word' id='word_1_211' title='bbox 648 2831 829 2915; x_wconf 91' lang='lat' dir='ltr'>apostolus,</span> <span class='ocrx_word' id='word_1_212' title='bbox 860 2853 969 2896; x_wconf 87' lang='lat' dir='ltr'>rerum</span> <span class='ocrx_word' id='word_1_213' title='bbox 1000 2834 1164 2917; x_wconf 84' lang='lat' dir='ltr'>dignitate</span> <span class='ocrx_word' id='word_1_214' title='bbox 1194 2831 1412 2909; x_wconf 89' lang='lat' dir='ltr'>considerata.</span> 
     </span>
     <span class='ocr_line' id='line_1_25' title="bbox 207 2935 1414 3022; baseline 0.006 -26"><span class='ocrx_word' id='word_1_215' title='bbox 207 2935 293 3000; x_wconf 89' lang='lat' dir='ltr'>iusta</span> <span class='ocrx_word' id='word_1_216' title='bbox 323 2937 451 3000; x_wconf 90' lang='lat' dir='ltr'>ratione</span> <span class='ocrx_word' id='word_1_217' title='bbox 480 2938 524 3001; x_wconf 89' lang='lat' dir='ltr'>de</span> <span class='ocrx_word' id='word_1_218' title='bbox 555 2935 673 3000; x_wconf 85' lang='lat' dir='ltr'>suturis</span> <span class='ocrx_word' id='word_1_219' title='bbox 700 2936 919 3018; x_wconf 91' lang='lat' dir='ltr'>comprobare</span> <span class='ocrx_word' id='word_1_220' title='bbox 946 2946 1125 3020; x_wconf 90' lang='lat' dir='ltr'>properat;</span> <span class='ocrx_word' id='word_1_221' title='bbox 1161 2958 1202 3000; x_wconf 94' lang='lat' dir='ltr'>eo</span> <span class='ocrx_word' id='word_1_222' title='bbox 1232 2939 1323 3020; x_wconf 92' lang='lat' dir='ltr'>quod</span> <span class='ocrx_word' id='word_1_223' title='bbox 1355 2961 1414 3022; x_wconf 91' lang='lat' dir='ltr'>per</span> 
     </span>
     <span class='ocr_line' id='line_1_26' title="bbox 206 3035 1465 3124; baseline 0.001 -21"><span class='ocrx_word' id='word_1_224' title='bbox 206 3040 307 3104; x_wconf 88' lang='lat' dir='ltr'>fidem</span> <span class='ocrx_word' id='word_1_225' title='bbox 334 3039 390 3104; x_wconf 93' lang='lat' dir='ltr'>illa</span> <span class='ocrx_word' id='word_1_226' title='bbox 416 3039 616 3124; x_wconf 91' lang='lat' dir='ltr'>percipimus</span> <span class='ocrx_word' id='word_1_227' title='bbox 647 3040 787 3103; x_wconf 91' lang='lat' dir='ltr'>interim.</span> <span class='ocrx_word' id='word_1_228' title='bbox 833 3040 909 3103; x_wconf 90' lang='lat' dir='ltr'>ideo</span> <span class='ocrx_word' id='word_1_229' title='bbox 940 3051 973 3103; x_wconf 95' lang='lat' dir='ltr'>et</span> <span class='ocrx_word' id='word_1_230' title='bbox 1004 3036 1080 3103; x_wconf 86' lang='lat' dir='ltr'>tidei</span> <span class='ocrx_word' id='word_1_231' title='bbox 1112 3035 1273 3104; x_wconf 90' lang='lat' dir='ltr'>rationem</span> <span class='ocrx_word' id='word_1_232' title='bbox 1305 3045 1412 3106; x_wconf 92' lang='lat' dir='ltr'>modis</span> <span class='ocrx_word' id='word_1_233' title='bbox 1427 3058 1465 3122; x_wconf 79' lang='lat'>25</span> 
     </span>
    </p>
   </div>
   <div class='ocr_carea' id='block_1_6' title="bbox 205 3203 1418 3446">
    <p class='ocr_par' dir='ltr' id='par_1_6' title="bbox 205 3203 1418 3446">
     <span class='ocr_line' id='line_1_27' title="bbox 255 3203 1398 3280; baseline 0.002 -26"><span class='ocrx_word' id='word_1_234' title='bbox 255 3219 328 3268; x_wconf 69' lang='lat' dir='ltr'>gnos</span> <span class='ocrx_word' id='word_1_235' title='bbox 339 3204 397 3269; x_wconf 86' lang='lat' dir='ltr'>(sor</span> <span class='ocrx_word' id='word_1_236' title='bbox 406 3205 467 3265; x_wconf 92' lang='lat' dir='ltr'>non)</span> <span class='ocrx_word' id='word_1_237' title='bbox 482 3205 504 3255; x_wconf 89' lang='lat' dir='ltr'>C</span> <span class='ocrx_word' id='word_1_238' title='bbox 517 3205 592 3266; x_wconf 78' lang='lat' dir='ltr'>(corr)</span> <span class='ocrx_word' id='word_1_239' title='bbox 607 3203 610 3268; x_wconf 81' lang='lat' dir='ltr'>l</span> <span class='ocrx_word' id='word_1_240' title='bbox 626 3204 777 3255; x_wconf 80' lang='lat' dir='ltr'>differentias</span> <span class='ocrx_word' id='word_1_241' title='bbox 797 3215 820 3254; x_wconf 87' lang='lat' dir='ltr'>et</span> <span class='ocrx_word' id='word_1_242' title='bbox 843 3206 864 3254; x_wconf 90' lang='lat' dir='ltr'>C</span> <span class='ocrx_word' id='word_1_243' title='bbox 883 3206 957 3264; x_wconf 82' lang='lat' dir='ltr'>(corr)</span> <span class='ocrx_word' id='word_1_244' title='bbox 1039 3204 1056 3254; x_wconf 82' lang='lat'><strong>6</strong></span> <span class='ocrx_word' id='word_1_245' title='bbox 1072 3213 1103 3254; x_wconf 87' lang='lat' dir='ltr'>ne</span> <span class='ocrx_word' id='word_1_246' title='bbox 1122 3204 1173 3270; x_wconf 83' lang='lat' dir='ltr'>(ast</span> <span class='ocrx_word' id='word_1_247' title='bbox 1189 3206 1226 3265; x_wconf 86' lang='lat' dir='ltr'>ut)</span> <span class='ocrx_word' id='word_1_248' title='bbox 1242 3205 1295 3254; x_wconf 74' lang='lat' dir='ltr'>add</span> <span class='ocrx_word' id='word_1_249' title='bbox 1314 3207 1337 3280; x_wconf 86' lang='lat' dir='ltr'>C</span> <span class='ocrx_word' id='word_1_250' title='bbox 1351 3209 1385 3256; x_wconf 88' lang='lat' dir='ltr'><em>H</em></span> <span class='ocrx_word' id='word_1_251' title='bbox 1394 3207 1398 3270; x_wconf 85' lang='lat'>!</span> 
     </span>
     <span class='ocr_line' id='line_1_28' title="bbox 205 3286 1418 3353; baseline 0.002 -15"><span class='ocrx_word' id='word_1_252' title='bbox 205 3295 350 3352; x_wconf 76' lang='lat' dir='ltr'>reputantur</span> <span class='ocrx_word' id='word_1_253' title='bbox 362 3287 401 3337; x_wconf 79' lang='lat' dir='ltr'>C*</span> <span class='ocrx_word' id='word_1_254' title='bbox 414 3288 447 3336; x_wconf 87' lang='lat' dir='ltr'><em>H</em></span> <span class='ocrx_word' id='word_1_255' title='bbox 456 3286 461 3346; x_wconf 98' lang='grc' dir='ltr'>Ι</span> <span class='ocrx_word' id='word_1_256' title='bbox 475 3288 541 3353; x_wconf 82' lang='lat' dir='ltr'>apud</span> <span class='ocrx_word' id='word_1_257' title='bbox 553 3303 591 3336; x_wconf 85' lang='lat' dir='ltr'>om</span> <span class='ocrx_word' id='word_1_258' title='bbox 604 3288 636 3336; x_wconf 92' lang='lat' dir='ltr'><em>H</em></span> <span class='ocrx_word' id='word_1_259' title='bbox 730 3302 755 3337; x_wconf 92' lang='lat' dir='ltr'>rr</span> <span class='ocrx_word' id='word_1_260' title='bbox 770 3288 805 3336; x_wconf 90' lang='lat' dir='ltr'>sic</span> <span class='ocrx_word' id='word_1_261' title='bbox 818 3287 876 3350; x_wconf 80' lang='lat' dir='ltr'>(for</span> <span class='ocrx_word' id='word_1_262' title='bbox 886 3288 977 3336; x_wconf 84' lang='lat' dir='ltr'>etenim</span> <span class='ocrx_word' id='word_1_263' title='bbox 989 3287 1020 3348; x_wconf 89' lang='lat' dir='ltr'>si)</span> <span class='ocrx_word' id='word_1_264' title='bbox 1032 3287 1064 3336; x_wconf 93' lang='lat' dir='ltr'><em>H</em></span> <span class='ocrx_word' id='word_1_265' title='bbox 1169 3303 1199 3352; x_wconf 85' lang='lat'>13</span> <span class='ocrx_word' id='word_1_266' title='bbox 1214 3289 1319 3352; x_wconf 84' lang='lat' dir='ltr'>gratiam</span> <span class='ocrx_word' id='word_1_267' title='bbox 1333 3289 1372 3339; x_wconf 77' lang='lat' dir='ltr'>C*</span> <span class='ocrx_word' id='word_1_268' title='bbox 1385 3291 1418 3340; x_wconf 88' lang='lat' dir='ltr'><em>H</em></span> 
     </span>
     <span class='ocr_line' id='line_1_29' title="bbox 209 3367 818 3446; baseline 0 -28"><span class='ocrx_word' id='word_1_269' title='bbox 209 3371 237 3419; x_wconf 84' lang='grc'>18</span> <span class='ocrx_word' id='word_1_270' title='bbox 253 3369 309 3446; x_wconf 84' lang='lat' dir='ltr'>lege</span> <span class='ocrx_word' id='word_1_271' title='bbox 321 3370 344 3420; x_wconf 91' lang='lat' dir='ltr'>C</span> <span class='ocrx_word' id='word_1_272' title='bbox 354 3368 426 3434; x_wconf 85' lang='lat' dir='ltr'>(corr)</span> <span class='ocrx_word' id='word_1_273' title='bbox 537 3383 568 3434; x_wconf 76' lang='lat'>²3</span> <span class='ocrx_word' id='word_1_274' title='bbox 585 3369 763 3418; x_wconf 83' lang='lat' dir='ltr'>mortalitatem</span> <span class='ocrx_word' id='word_1_275' title='bbox 777 3369 799 3418; x_wconf 90' lang='lat' dir='ltr'>C</span> <span class='ocrx_word' id='word_1_276' title='bbox 804 3367 818 3394; x_wconf 83' lang='lat'><em>*</em></span> 
     </span>
    </p>
   </div>
   <div class='ocr_carea' id='block_1_7' title="bbox 198 3518 1412 4582">
    <p class='ocr_par' dir='ltr' id='par_1_7' title="bbox 198 3518 1412 4582">
     <span class='ocr_line' id='line_1_30' title="bbox 204 3518 1412 3586; baseline 0.007 -18"><span class='ocrx_word' id='word_1_277' title='bbox 204 3533 246 3569; x_wconf 85' lang='lat' dir='ltr'>are</span> <span class='ocrx_word' id='word_1_278' title='bbox 267 3518 310 3569; x_wconf 86' lang='lat' dir='ltr'>the</span> <span class='ocrx_word' id='word_1_279' title='bbox 328 3519 412 3583; x_wconf 85' lang='lat' dir='ltr'>points</span> <span class='ocrx_word' id='word_1_280' title='bbox 430 3519 460 3570; x_wconf 82' lang='lat' dir='ltr'>ol</span> <span class='ocrx_word' id='word_1_281' title='bbox 478 3528 588 3571; x_wconf 84' lang='lat' dir='ltr'>contrast</span> <span class='ocrx_word' id='word_1_282' title='bbox 606 3521 720 3571; x_wconf 83' lang='lat' dir='ltr'>between</span> <span class='ocrx_word' id='word_1_283' title='bbox 740 3520 782 3570; x_wconf 89' lang='lat' dir='ltr'>the</span> <span class='ocrx_word' id='word_1_284' title='bbox 865 3519 890 3570; x_wconf 82' lang='lat'>⁶.</span> <span class='ocrx_word' id='word_1_285' title='bbox 921 3527 951 3570; x_wconf 77' lang='lat' dir='ltr'>ut</span> <span class='ocrx_word' id='word_1_286' title='bbox 966 3521 1080 3583; x_wconf 81' lang='lat' dir='ltr'>meliora]</span> <span class='ocrx_word' id='word_1_287' title='bbox 1108 3521 1164 3572; x_wconf 89' lang='lat' dir='ltr'>The</span> <span class='ocrx_word' id='word_1_288' title='bbox 1179 3521 1258 3574; x_wconf 85' lang='lat' dir='ltr'>Mss.</span> <span class='ocrx_word' id='word_1_289' title='bbox 1277 3525 1353 3575; x_wconf 88' lang='lat' dir='ltr'>insert</span> <span class='ocrx_word' id='word_1_290' title='bbox 1364 3541 1395 3576; x_wconf 81' lang='lat' dir='ltr'>ne</span> <span class='ocrx_word' id='word_1_291' title='bbox 1401 3543 1412 3586; x_wconf 93' lang='lat'><em>;</em></span> 
     </span>
     <span class='ocr_line' id='line_1_31' title="bbox 205 3597 1411 3666; baseline 0.009 -19"><span class='ocrx_word' id='word_1_292' title='bbox 205 3597 266 3648; x_wconf 88' lang='lat' dir='ltr'>Law</span> <span class='ocrx_word' id='word_1_293' title='bbox 277 3601 328 3649; x_wconf 80' lang='lat' dir='ltr'>end</span> <span class='ocrx_word' id='word_1_294' title='bbox 341 3599 384 3650; x_wconf 85' lang='lat' dir='ltr'>the</span> <span class='ocrx_word' id='word_1_295' title='bbox 396 3601 499 3666; x_wconf 72' lang='lat' dir='ltr'>Gospea</span> <span class='ocrx_word' id='word_1_296' title='bbox 512 3601 569 3652; x_wconf 91' lang='lat' dir='ltr'>One</span> <span class='ocrx_word' id='word_1_297' title='bbox 580 3601 629 3650; x_wconf 81' lang='lat' dir='ltr'>and</span> <span class='ocrx_word' id='word_1_298' title='bbox 647 3601 689 3650; x_wconf 89' lang='lat' dir='ltr'>the</span> <span class='ocrx_word' id='word_1_299' title='bbox 707 3601 782 3652; x_wconf 87' lang='lat' dir='ltr'>Same</span> <span class='ocrx_word' id='word_1_300' title='bbox 833 3601 878 3651; x_wconf 91' lang='lat' dir='ltr'>but</span> <span class='ocrx_word' id='word_1_301' title='bbox 889 3601 973 3653; x_wconf 88' lang='lat' dir='ltr'>unless</span> <span class='ocrx_word' id='word_1_302' title='bbox 984 3603 1026 3654; x_wconf 90' lang='lat' dir='ltr'>the</span> <span class='ocrx_word' id='word_1_303' title='bbox 1042 3612 1157 3654; x_wconf 85' lang='lat' dir='ltr'>sentence</span> <span class='ocrx_word' id='word_1_304' title='bbox 1173 3605 1194 3654; x_wconf 86' lang='lat' dir='ltr'>is</span> <span class='ocrx_word' id='word_1_305' title='bbox 1211 3607 1342 3656; x_wconf 87' lang='lat' dir='ltr'>otherwise</span> <span class='ocrx_word' id='word_1_306' title='bbox 1359 3623 1411 3658; x_wconf 87' lang='lat' dir='ltr'>cor·</span> 
     </span>
     <span class='ocr_line' id='line_1_32' title="bbox 204 3678 1411 3751; baseline 0.007 -23"><span class='ocrx_word' id='word_1_307' title='bbox 204 3678 580 3731; x_wconf 83' lang='lat' dir='ltr'>GodistheAuthorolboth’</span> <span class='ocrx_word' id='word_1_308' title='bbox 609 3681 703 3731; x_wconf 84' lang='lat' dir='ltr'>Thdt.:</span> <span class='ocrx_word' id='word_1_309' title='bbox 721 3679 783 3730; x_wconf 77' lang='lat' dir='ltr'>drot</span> <span class='ocrx_word' id='word_1_310' title='bbox 833 3691 890 3748; x_wconf 88' lang='lat' dir='ltr'>mpt</span> <span class='ocrx_word' id='word_1_311' title='bbox 911 3682 955 3732; x_wconf 91' lang='lat' dir='ltr'>the</span> <span class='ocrx_word' id='word_1_312' title='bbox 976 3683 1091 3747; x_wconf 85' lang='lat' dir='ltr'>negative</span> <span class='ocrx_word' id='word_1_313' title='bbox 1115 3691 1181 3734; x_wconf 87' lang='lat' dir='ltr'>must</span> <span class='ocrx_word' id='word_1_314' title='bbox 1203 3685 1236 3734; x_wconf 87' lang='lat' dir='ltr'>be</span> <span class='ocrx_word' id='word_1_315' title='bbox 1258 3702 1273 3734; x_wconf 87' lang='lat' dir='ltr'>a</span> <span class='ocrx_word' id='word_1_316' title='bbox 1295 3688 1411 3751; x_wconf 83' lang='lat' dir='ltr'>copyist&#39;s</span> 
     </span>
     <span class='ocr_line' id='line_1_33' title="bbox 205 3757 1411 3830; baseline 0.007 -23"><span class='ocrx_word' id='word_1_317' title='bbox 205 3760 249 3818; x_wconf 70' lang='grc' dir='ltr'>τὴν</span> <span class='ocrx_word' id='word_1_318' title='bbox 266 3761 418 3822; x_wconf 72' lang='grc' dir='ltr'>ἐπαγγελίαν</span> <span class='ocrx_word' id='word_1_319' title='bbox 436 3760 473 3822; x_wconf 79' lang='grc' dir='ltr'>τῷ</span> <span class='ocrx_word' id='word_1_320' title='bbox 487 3759 600 3825; x_wconf 70' lang='grc' dir='ltr'>Ἀβραὰμ</span> <span class='ocrx_word' id='word_1_321' title='bbox 620 3763 725 3814; x_wconf 82' lang='grc' dir='ltr'>δεδωκὼς</span> <span class='ocrx_word' id='word_1_322' title='bbox 743 3765 783 3812; x_wconf 68' lang='grc' dir='ltr'>καὶ</span> <span class='ocrx_word' id='word_1_323' title='bbox 833 3773 907 3823; x_wconf 83' lang='lat' dir='ltr'>error,</span> <span class='ocrx_word' id='word_1_324' title='bbox 927 3763 1077 3828; x_wconf 79' lang='lat' dir='ltr'>originating</span> <span class='ocrx_word' id='word_1_325' title='bbox 1091 3757 1200 3830; x_wconf 86' lang='lat' dir='ltr'>perhaps</span> <span class='ocrx_word' id='word_1_326' title='bbox 1218 3765 1243 3814; x_wconf 68' lang='lat' dir='ltr'>in¹</span> <span class='ocrx_word' id='word_1_327' title='bbox 1262 3759 1304 3816; x_wconf 84' lang='lat' dir='ltr'>the</span> <span class='ocrx_word' id='word_1_328' title='bbox 1323 3769 1411 3830; x_wconf 87' lang='lat' dir='ltr'>repeti·</span> 
     </span>
     <span class='ocr_line' id='line_1_34' title="bbox 203 3841 1310 3909; baseline 0.006 -19"><span class='ocrx_word' id='word_1_329' title='bbox 203 3841 245 3890; x_wconf 74' lang='lat' dir='ltr'>rar</span> <span class='ocrx_word' id='word_1_330' title='bbox 261 3841 331 3900; x_wconf 74' lang='grc' dir='ltr'>νόμον</span> <span class='ocrx_word' id='word_1_331' title='bbox 344 3845 460 3904; x_wconf 72' lang='grc' dir='ltr'>τεθεικώς,</span> <span class='ocrx_word' id='word_1_332' title='bbox 476 3846 516 3894; x_wconf 76' lang='grc' dir='ltr'>καὶ</span> <span class='ocrx_word' id='word_1_333' title='bbox 529 3842 568 3894; x_wconf 82' lang='grc' dir='ltr'>νῦν</span> <span class='ocrx_word' id='word_1_334' title='bbox 578 3847 622 3905; x_wconf 73' lang='grc' dir='ltr'>τῆς</span> <span class='ocrx_word' id='word_1_335' title='bbox 632 3842 783 3907; x_wconf 66' lang='grc' dir='ltr'>ἐπαγγελίας</span> <span class='ocrx_word' id='word_1_336' title='bbox 833 3847 886 3896; x_wconf 87' lang='lat' dir='ltr'>tion</span> <span class='ocrx_word' id='word_1_337' title='bbox 898 3845 976 3896; x_wconf 81' lang='lat' dir='ltr'>nithe</span> <span class='ocrx_word' id='word_1_338' title='bbox 988 3845 1039 3895; x_wconf 81' lang='lat' dir='ltr'>first</span> <span class='ocrx_word' id='word_1_339' title='bbox 1051 3844 1156 3909; x_wconf 86' lang='lat' dir='ltr'>syllable</span> <span class='ocrx_word' id='word_1_340' title='bbox 1167 3846 1196 3895; x_wconf 86' lang='lat' dir='ltr'>os</span> <span class='ocrx_word' id='word_1_341' title='bbox 1204 3848 1310 3897; x_wconf 79' lang='lat' dir='ltr'>meliora.</span> 
     </span>
     <span class='ocr_line' id='line_1_35' title="bbox 203 3920 1408 3992; baseline 0.005 -22"><span class='ocrx_word' id='word_1_342' title='bbox 203 3921 259 3981; x_wconf 73' lang='grc' dir='ltr'>ἡμῖν</span> <span class='ocrx_word' id='word_1_343' title='bbox 271 3920 390 3984; x_wconf 69' lang='grc' dir='ltr'>ἐπιδείξας</span> <span class='ocrx_word' id='word_1_344' title='bbox 401 3925 430 3974; x_wconf 80' lang='grc' dir='ltr'>τὸ</span> <span class='ocrx_word' id='word_1_345' title='bbox 442 3925 523 3988; x_wconf 67' lang='grc' dir='ltr'>πέρας.</span> <span class='ocrx_word' id='word_1_346' title='bbox 557 3929 584 3975; x_wconf 80' lang='grc' dir='ltr'>οὐ</span> <span class='ocrx_word' id='word_1_347' title='bbox 594 3927 644 3988; x_wconf 81' lang='grc' dir='ltr'>γὰρ</span> <span class='ocrx_word' id='word_1_348' title='bbox 654 3925 783 3984; x_wconf 71' lang='grc' dir='ltr'>ἅλλοςμὲν</span> <span class='ocrx_word' id='word_1_349' title='bbox 868 3943 907 3978; x_wconf 79' lang='lat' dir='ltr'>ra.</span> <span class='ocrx_word' id='word_1_350' title='bbox 935 3927 1010 3991; x_wconf 72' lang='lat' dir='ltr'>proli.</span> <span class='ocrx_word' id='word_1_351' title='bbox 1026 3926 1133 3990; x_wconf 76' lang='lat' dir='ltr'>peccare]</span> <span class='ocrx_word' id='word_1_352' title='bbox 1161 3927 1201 3976; x_wconf 86' lang='lat' dir='ltr'>Cl.</span> <span class='ocrx_word' id='word_1_353' title='bbox 1214 3929 1291 3992; x_wconf 79' lang='lat' dir='ltr'>Apul.</span> <span class='ocrx_word' id='word_1_354' title='bbox 1306 3928 1335 3977; x_wconf 79' lang='lat' dir='ltr'>de</span> <span class='ocrx_word' id='word_1_355' title='bbox 1344 3945 1408 3992; x_wconf 84' lang='lat' dir='ltr'>mag.</span> 
     </span>
     <span class='ocr_line' id='line_1_36' title="bbox 202 4006 1144 4074; baseline 0.005 -19"><span class='ocrx_word' id='word_1_356' title='bbox 202 4008 280 4056; x_wconf 72' lang='grc' dir='ltr'>ἐκεῖνα</span> <span class='ocrx_word' id='word_1_357' title='bbox 297 4007 356 4059; x_wconf 78' lang='grc' dir='ltr'>Θεὸς</span> <span class='ocrx_word' id='word_1_358' title='bbox 373 4006 530 4070; x_wconf 62' lang='lat' dir='ltr'>deciduam,</span> <span class='ocrx_word' id='word_1_359' title='bbox 553 4006 627 4059; x_wconf 70' lang='grc' dir='ltr'>ἄλλος</span> <span class='ocrx_word' id='word_1_360' title='bbox 646 4009 672 4057; x_wconf 76' lang='grc' dir='ltr'>δὲ</span> <span class='ocrx_word' id='word_1_361' title='bbox 694 4010 778 4058; x_wconf 75' lang='grc' dir='ltr'>ταῦτα</span> <span class='ocrx_word' id='word_1_362' title='bbox 836 4021 866 4074; x_wconf 80' lang='grc'>74</span> <span class='ocrx_word' id='word_1_363' title='bbox 880 4009 1059 4074; x_wconf 85' lang='lat' dir='ltr'>“prohibitum</span> <span class='ocrx_word' id='word_1_364' title='bbox 1072 4008 1144 4060; x_wconf 88' lang='lat' dir='ltr'>isse.”</span> 
     </span>
     <span class='ocr_line' id='line_1_37' title="bbox 202 4088 1337 4156; baseline 0.004 -20"><span class='ocrx_word' id='word_1_365' title='bbox 202 4088 309 4138; x_wconf 89' lang='lat' dir='ltr'>Neither</span> <span class='ocrx_word' id='word_1_366' title='bbox 321 4089 369 4140; x_wconf 87' lang='lat' dir='ltr'>Th.</span> <span class='ocrx_word' id='word_1_367' title='bbox 384 4106 430 4139; x_wconf 91' lang='lat' dir='ltr'>nor</span> <span class='ocrx_word' id='word_1_368' title='bbox 446 4090 522 4141; x_wconf 83' lang='lat' dir='ltr'>&#39;Ihdt</span> <span class='ocrx_word' id='word_1_369' title='bbox 535 4099 654 4156; x_wconf 87' lang='lat' dir='ltr'>attempts</span> <span class='ocrx_word' id='word_1_370' title='bbox 670 4099 697 4142; x_wconf 92' lang='lat' dir='ltr'>to</span> <span class='ocrx_word' id='word_1_371' title='bbox 714 4091 781 4142; x_wconf 90' lang='lat' dir='ltr'>shew</span> <span class='ocrx_word' id='word_1_372' title='bbox 866 4103 904 4139; x_wconf 79' lang='lat'>21.</span> <span class='ocrx_word' id='word_1_373' title='bbox 940 4091 967 4138; x_wconf 82' lang='lat' dir='ltr'>in</span> <span class='ocrx_word' id='word_1_374' title='bbox 979 4097 1032 4154; x_wconf 81' lang='lat' dir='ltr'>sap.</span> <span class='ocrx_word' id='word_1_375' title='bbox 1046 4089 1111 4151; x_wconf 71' lang='lat' dir='ltr'>dim]</span> <span class='ocrx_word' id='word_1_376' title='bbox 1130 4091 1177 4140; x_wconf 89' lang='lat' dir='ltr'>See</span> <span class='ocrx_word' id='word_1_377' title='bbox 1189 4106 1213 4155; x_wconf 91' lang='lat' dir='ltr'>p.</span> <span class='ocrx_word' id='word_1_378' title='bbox 1230 4107 1269 4154; x_wconf 83' lang='lat'>30,</span> <span class='ocrx_word' id='word_1_379' title='bbox 1283 4091 1301 4140; x_wconf 91' lang='lat'>1.</span> <span class='ocrx_word' id='word_1_380' title='bbox 1314 4107 1337 4154; x_wconf 86' lang='lat'>5.</span> 
     </span>
     <span class='ocr_line' id='line_1_38' title="bbox 198 4167 1410 4240; baseline 0.007 -24"><span class='ocrx_word' id='word_1_381' title='bbox 198 4167 260 4217; x_wconf 80' lang='lat' dir='ltr'>how</span> <span class='ocrx_word' id='word_1_382' title='bbox 281 4168 324 4218; x_wconf 89' lang='lat' dir='ltr'>the</span> <span class='ocrx_word' id='word_1_383' title='bbox 347 4168 429 4219; x_wconf 86' lang='lat' dir='ltr'>clause</span> <span class='ocrx_word' id='word_1_384' title='bbox 451 4187 479 4221; x_wconf 87' lang='lat' dir='ltr'>so</span> <span class='ocrx_word' id='word_1_385' title='bbox 501 4171 652 4236; x_wconf 89' lang='lat' dir='ltr'>interpreted</span> <span class='ocrx_word' id='word_1_386' title='bbox 679 4172 781 4222; x_wconf 88' lang='lat' dir='ltr'>coheres</span> <span class='ocrx_word' id='word_1_387' title='bbox 865 4185 903 4219; x_wconf 75' lang='grc' dir='ltr'>αα.</span> <span class='ocrx_word' id='word_1_388' title='bbox 931 4171 1037 4234; x_wconf 81' lang='lat' dir='ltr'>fratres]</span> <span class='ocrx_word' id='word_1_389' title='bbox 1069 4173 1105 4222; x_wconf 92' lang='lat' dir='ltr'>So</span> <span class='ocrx_word' id='word_1_390' title='bbox 1124 4172 1205 4236; x_wconf 81' lang='lat' dir='ltr'>again,</span> <span class='ocrx_word' id='word_1_391' title='bbox 1226 4189 1251 4236; x_wconf 92' lang='lat' dir='ltr'>p.</span> <span class='ocrx_word' id='word_1_392' title='bbox 1272 4187 1311 4234; x_wconf 81' lang='lat'>51,</span> <span class='ocrx_word' id='word_1_393' title='bbox 1334 4173 1349 4222; x_wconf 92' lang='lat' dir='ltr'>l.</span> <span class='ocrx_word' id='word_1_394' title='bbox 1372 4190 1410 4240; x_wconf 84' lang='lat'>19.</span> 
     </span>
     <span class='ocr_line' id='line_1_39' title="bbox 201 4249 1410 4318; baseline 0.007 -20"><span class='ocrx_word' id='word_1_395' title='bbox 201 4249 262 4300; x_wconf 84' lang='lat' dir='ltr'>with</span> <span class='ocrx_word' id='word_1_396' title='bbox 274 4250 316 4300; x_wconf 87' lang='lat' dir='ltr'>the</span> <span class='ocrx_word' id='word_1_397' title='bbox 329 4253 463 4318; x_wconf 86' lang='lat' dir='ltr'>preceding</span> <span class='ocrx_word' id='word_1_398' title='bbox 473 4255 563 4312; x_wconf 85' lang='lat' dir='ltr'>words,</span> <span class='ocrx_word' id='word_1_399' title='bbox 577 4254 590 4303; x_wconf 84' lang='lat' dir='ltr'>d</span> <span class='ocrx_word' id='word_1_400' title='bbox 604 4257 629 4304; x_wconf 78' lang='grc' dir='ltr'>δὲ</span> <span class='ocrx_word' id='word_1_401' title='bbox 640 4273 677 4314; x_wconf 69' lang='grc' dir='ltr'>α,</span> <span class='ocrx_word' id='word_1_402' title='bbox 690 4258 764 4305; x_wconf 84' lang='grc' dir='ltr'>κ.τ.λ.</span> <span class='ocrx_word' id='word_1_403' title='bbox 831 4252 881 4301; x_wconf 88' lang='lat' dir='ltr'>and</span> <span class='ocrx_word' id='word_1_404' title='bbox 893 4269 918 4317; x_wconf 89' lang='lat' dir='ltr'>p.</span> <span class='ocrx_word' id='word_1_405' title='bbox 927 4267 966 4315; x_wconf 86' lang='lat'>54,</span> <span class='ocrx_word' id='word_1_406' title='bbox 975 4253 992 4301; x_wconf 91' lang='lat' dir='ltr'>l.</span> <span class='ocrx_word' id='word_1_407' title='bbox 1003 4267 1039 4314; x_wconf 86' lang='lat'>15.</span> <span class='ocrx_word' id='word_1_408' title='bbox 1062 4255 1139 4316; x_wconf 89' lang='lat' dir='ltr'>Here,</span> <span class='ocrx_word' id='word_1_409' title='bbox 1149 4255 1199 4303; x_wconf 88' lang='lat' dir='ltr'>and</span> <span class='ocrx_word' id='word_1_410' title='bbox 1209 4255 1234 4304; x_wconf 93' lang='lat' dir='ltr'>in</span> <span class='ocrx_word' id='word_1_411' title='bbox 1244 4257 1286 4306; x_wconf 85' lang='lat' dir='ltr'>the</span> <span class='ocrx_word' id='word_1_412' title='bbox 1295 4257 1361 4306; x_wconf 89' lang='lat' dir='ltr'>third</span> <span class='ocrx_word' id='word_1_413' title='bbox 1373 4258 1410 4307; x_wconf 92' lang='lat' dir='ltr'>in·</span> 
     </span>
     <span class='ocr_line' id='line_1_40' title="bbox 235 4334 1409 4399; baseline 0.006 -17"><span class='ocrx_word' id='word_1_414' title='bbox 235 4347 258 4396; x_wconf 83' lang='lat'>3.</span> <span class='ocrx_word' id='word_1_415' title='bbox 293 4334 619 4399; x_wconf 66' lang='lat' dir='ltr'>intendere...dr2gm&#39;rarem‚</span> <span class='ocrx_word' id='word_1_416' title='bbox 645 4336 702 4398; x_wconf 70' lang='grc' dir='ltr'>δια]</span> <span class='ocrx_word' id='word_1_417' title='bbox 738 4338 779 4387; x_wconf 92' lang='lat' dir='ltr'>On</span> <span class='ocrx_word' id='word_1_418' title='bbox 831 4345 923 4394; x_wconf 71' lang='lat' dir='ltr'>nance,</span> <span class='ocrx_word' id='word_1_419' title='bbox 932 4336 974 4385; x_wconf 80' lang='lat' dir='ltr'>the</span> <span class='ocrx_word' id='word_1_420' title='bbox 982 4337 1139 4386; x_wconf 88' lang='lat' dir='ltr'>wordseems</span> <span class='ocrx_word' id='word_1_421' title='bbox 1148 4338 1246 4388; x_wconf 83' lang='lat' dir='ltr'>tohave</span> <span class='ocrx_word' id='word_1_422' title='bbox 1256 4339 1319 4388; x_wconf 89' lang='lat' dir='ltr'>been</span> <span class='ocrx_word' id='word_1_423' title='bbox 1327 4341 1409 4390; x_wconf 82' lang='lat' dir='ltr'>added</span> 
     </span>
     <span class='ocr_line' id='line_1_41' title="bbox 200 4412 1411 4486; baseline 0.008 -24"><span class='ocrx_word' id='word_1_424' title='bbox 200 4412 243 4463; x_wconf 88' lang='lat' dir='ltr'>the</span> <span class='ocrx_word' id='word_1_425' title='bbox 265 4421 366 4474; x_wconf 69' lang='lat' dir='ltr'>constr„</span> <span class='ocrx_word' id='word_1_426' title='bbox 391 4431 433 4466; x_wconf 87' lang='lat' dir='ltr'>see</span> <span class='ocrx_word' id='word_1_427' title='bbox 456 4416 624 4478; x_wconf 84' lang='lat' dir='ltr'>Hildebrand‚</span> <span class='ocrx_word' id='word_1_428' title='bbox 650 4419 726 4481; x_wconf 65' lang='lat' dir='ltr'>April.</span> <span class='ocrx_word' id='word_1_429' title='bbox 751 4419 775 4469; x_wconf 90' lang='lat' dir='ltr'>ii.</span> <span class='ocrx_word' id='word_1_430' title='bbox 830 4419 865 4481; x_wconf 90' lang='lat' dir='ltr'>by</span> <span class='ocrx_word' id='word_1_431' title='bbox 887 4418 930 4468; x_wconf 84' lang='lat' dir='ltr'>the</span> <span class='ocrx_word' id='word_1_432' title='bbox 952 4421 1074 4469; x_wconf 85' lang='lat' dir='ltr'>monastic</span> <span class='ocrx_word' id='word_1_433' title='bbox 1094 4421 1208 4486; x_wconf 87' lang='lat' dir='ltr'>copyist;</span> <span class='ocrx_word' id='word_1_434' title='bbox 1232 4423 1257 4472; x_wconf 91' lang='lat' dir='ltr'>in</span> <span class='ocrx_word' id='word_1_435' title='bbox 1277 4423 1319 4472; x_wconf 87' lang='lat' dir='ltr'>the</span> <span class='ocrx_word' id='word_1_436' title='bbox 1338 4425 1411 4472; x_wconf 86' lang='lat' dir='ltr'>other</span> 
     </span>
     <span class='ocr_line' id='line_1_42' title="bbox 200 4501 1406 4582; baseline 0.011 -41"><span class='ocrx_word' id='word_1_437' title='bbox 200 4507 257 4560; x_wconf 73' lang='lat'>333.</span> <span class='ocrx_word' id='word_1_438' title='bbox 829 4501 929 4582; x_wconf 31' lang='lat' dir='ltr'>place-it</span> <span class='ocrx_word' id='word_1_439' title='bbox 939 4517 996 4566; x_wconf 82' lang='lat' dir='ltr'>may</span> <span class='ocrx_word' id='word_1_440' title='bbox 1005 4512 1130 4568; x_wconf 88' lang='lat' dir='ltr'>represent</span> <span class='ocrx_word' id='word_1_441' title='bbox 1142 4505 1287 4569; x_wconf 79' lang='lat' dir='ltr'>anoriginal</span> <span class='ocrx_word' id='word_1_442' title='bbox 1299 4506 1406 4566; x_wconf 73' lang='grc' dir='ltr'>ἀδελφοί.</span> 
     </span>
    </p>
   </div>
   <div class='ocr_carea' id='block_1_8' title="bbox 238 4608 1324 4684">
    <p class='ocr_par' dir='ltr' id='par_1_8' title="bbox 238 4608 1324 4684">
     <span class='ocr_line' id='line_1_43' title="bbox 238 4608 1324 4684; baseline 0 0"><span class='ocrx_word' id='word_1_443' title='bbox 238 4608 314 4684; x_wconf 53' lang='grc' dir='ltr'>,ἃ</span> <span class='ocrx_word' id='word_1_444' title='bbox 1301 4621 1324 4684; x_wconf 88' lang='lat'>4</span> 
     </span>
    </p>
   </div>
   <div class='ocr_carea' id='block_1_9' title="bbox 0 0 1670 5210">
    <p class='ocr_par' dir='ltr' id='par_1_9' title="bbox 0 0 1670 5210">
     <span class='ocr_line' id='line_1_44' title="bbox 0 0 1670 5210; baseline 0 6"><span class='ocrx_word' id='word_1_445' title='bbox 0 0 1670 5210; x_wconf 95' lang='lat' dir='ltr'> </span> 
     </span>
    </p>
   </div>
  </div>
 </body>
</html>
