3340 5232
290 343 354 410 214
623 337 848 391 aneononns
873 338 1163 394 norsnasranns
1321 331 1380 414 [ΙΙ.
1403 349 1500 414 1-3.

355 510 476 576 deinde
492 529 626 574 sumens
642 508 920 588 exhortationem,
937 511 1071 575 dicens:

354 663 386 726 si
410 685 474 746 qna
499 684 573 746 ergo
596 662 766 726 consolatio
789 662 824 725 in
856 660 992 737 Christo,
1013 661 1046 724 si
1069 661 1157 743 qnod
1170 661 1321 726 solatium
1339 661 1501 740 cariata,

289 765 322 829 si
345 788 409 849 qua
432 766 562 830 societas
589 765 743 849 Spiritus,
772 766 804 828 si
831 786 896 847 qna
920 775 952 827 et
974 764 1097 828 uiscera
1123 765 1347 842 miserationis,
1374 765 1503 849 implete

285 868 448 951 gandium
465 890 578 932 morcon.
1075 893 1077 896 ·

259 1008 275 1074 5
357 993 441 1058 bene
460 993 538 1076 quia
558 995 646 1057 dixit
667 993 699 1057 si
718 1014 783 1075 qna
803 1013 942 1075 argaeo
963 993 1052 1076 quod
1072 992 1271 1058 uidebantur
1293 1014 1406 1058 curam
1428 995 1501 1058 eius

291 1096 414 1160 habere
445 1107 580 1180 propter
607 1097 836 1159 imminentem
867 1097 897 1158 ei
932 1095 1173 1168 necessitatem,
1199 1096 1245 1158 ita
1267 1106 1304 1158 ut
1327 1097 1502 1160 mitterent

292 1206 326 1260 et
357 1196 415 1262 illa
444 1219 530 1281 quae
560 1197 633 1261 usui
662 1199 733 1261 eius
760 1198 910 1260 sciebant
940 1218 1012 1261 esse
1041 1198 1245 1276 necessaria;
1284 1198 1501 1260 ‘omnimodo

293 1299 425 1382 (inquit)
451 1302 477 1362 si
502 1300 597 1363 uobis
623 1321 701 1362 cura
721 1309 772 1362 est
798 1300 841 1362 de
868 1309 981 1363 nostra
1002 1298 1237 1376 consolatione,
1261 1309 1296 1362 et
1322 1299 1502 1381 diligentes

292 1423 352 1465 nos
368 1403 552 1466 condoletis
568 1404 664 1468 nobis
683 1403 763 1468 talia
783 1404 996 1486 patientibus
1015 1402 1072 1466 illa
1091 1404 1190 1468 facite
1210 1424 1295 1487 quae
1314 1405 1500 1487 perfectum

241 1530 281 1579 10
292 1511 388 1574 nobis
403 1509 562 1594 gaudium
578 1509 621 1572 de
637 1509 733 1571 uobis
749 1509 886 1570 reddere
902 1504 1076 1590 poterunt’

357 1678 395 1732 nt
423 1667 564 1750 idipsum
592 1666 738 1749 sapiatis,
766 1667 916 1732 animm.
933 1666 1102 1730 caritatem
1136 1665 1290 1742 habentes,
1320 1667 1501 1746 nnam'mes,

291 1796 392 1839 uniam
406 1773 569 1856 sapientes.

357 1922 443 1985 quae
465 1901 543 1965 illa?
573 1901 663 1964 uarie
686 1899 783 1976 dixit,
805 1907 842 1962 ut
868 1898 958 1962 dieat
985 1895 1243 1961 ‘concordantes
1266 1907 1300 1962 et
1322 1898 1502 1981 diligentes

292 2005 505 2070 alterutrum!
550 2003 672 2067 deinde
703 2010 736 2066 et
766 2002 927 2065 abdicans
958 1999 1015 2063 illa
1055 2021 1142 2083 quae
1179 1999 1223 2064 ab
1261 1999 1326 2062 illis
1363 1999 1501 2080 fiebant,

241 2131 275 2198 15
294 2112 444 2173 monuit:

358 2279 446 2344 nihil
455 2278 626 2343 secundnm
640 2277 898 2340 concertationem
913 2285 973 2338 ant
987 2295 1108 2337 stanam
1119 2271 1272 2356 gloriam.

358 2411 435 2468 ‘nec
455 2405 543 2466 enim
568 2403 750 2487 cupiditate
775 2423 882 2466 uanae
902 2401 1027 2486 gloriae
1050 2421 1148 2482 super
1166 2399 1346 2490 primatum
1369 2401 1502 2465 debetis

294 2508 495 2576 contendere
508 2531 515 2588 ;
537 2508 595 2571 sed
612 2507 692 2591 quid
708 2509 816 2590 magis
831 2506 988 2570 conuenit
1003 2526 1064 2568 uos
1080 2505 1187 2569 facere
1199 2503 1227 2571 i’

344 2711 357 2762 7
374 2715 447 2750 usum
461 2699 496 2750 C*
508 2681 542 2750 H
569 2699 603 2749 ad
613 2715 684 2749 nsum
698 2699 820 2760 Clcorrlz
833 2705 873 2747 tx!
882 2715 898 2748 r
910 2695 914 2761 1
930 2697 1033 2747 omnino
1046 2697 1105 2761 (sor
1114 2695 1269 2761 omnimodo)
1283 2712 1299 2745 r
1411 2699 1427 2748 8
1444 2715 1502 2749 mea

293 2780 350 2844 (for
359 2779 453 2840 nostra)
465 2779 500 2827 H
633 2793 670 2838 11,
687 2791 715 2828 ra
733 2785 760 2827 ut
771 2777 1036 2843 idipsum-sapientes
1046 2792 1086 2825 om
1097 2792 1114 2826 r
1262 2793 1291 2839 ¹4
1307 2776 1432 2828 iaciebant
1444 2778 1505 2844 (for

294 2861 396 2922 fiebant)
409 2877 425 2909 r
554 2871 582 2922 17
600 2860 762 2924 cupiditatem
774 2861 807 2909 H
903 2861 932 2909 18
949 2858 1022 2909 uobis
1034 2875 1049 2907 r

329 3050 352 3098 3.
373 3033 587 3098 siqnaanr'scera
600 3033 772 3095 miserationes]
790 3033 874 3092 0.L.‚
957 3048 980 3099 9.
1005 3029 1142 3092 corrdoletis]
1176 3031 1216 3081 Cf.
1240 3033 1350 3096 Rdnsch,
1368 3034 1448 3092 'Italo¹
1472 3049 1499 3099 p.

295 3116 318 3164 ri
326 3131 376 3180 qua
387 3131 413 3164 u.
423 3120 448 3164 et
458 3115 621 3164 miserationes
625 3130 637 3174 ;
652 3115 676 3163 si
690 3116 752 3179 qrci'cl
764 3132 801 3176 aa,
815 3117 871 3176 δία,
928 3119 983 3179 185.

296 3195 460 3245 Cod.Amiat.
479 3193 874 3258 TheClementineVulg.agrees
960 3213 995 3248 11.
1026 3196 1257 3261 idiosum...uaum]
1291 3196 1378 3261 Vulg„
1405 3197 1500 3248 alan..

295 3276 357 3327 with
380 3293 426 3326 our
448 3275 603 3334 translation,
622 3276 753 3341 excepting
778 3276 831 3325 that
854 3277 873 3325 it
923 3280 1036 3344 Mamm.
1073 3279 1232 3343 Onidipsum
1249 3293 1291 3328 see
1307 3280 1394 3339 above,
1414 3295 1439 3344 p.
1460 3282 1503 3338 82,

295 3360 370 3408 omits
380 3365 410 3407 et.
444 3356 500 3407 The
512 3373 579 3406 error
590 3373 670 3407 seems
681 3365 707 3406 to
724 3358 787 3406 have
804 3365 873 3421 crept
923 3359 941 3408 l.
957 3375 993 3422 19,
1007 3367 1075 3410 note.

296 3440 322 3488 in
341 3439 405 3488 from
425 3453 440 3486 a
462 3437 638 3488 reminiscence
659 3439 689 3487 oi
708 3437 762 3488 Col.
784 3437 818 3487 iii.
844 3452 872 3486 η
960 3451 996 3499 13.
1021 3454 1083 3502 qnae
1092 3438 1156 3489 illa?
1172 3441 1243 3491 icant
1253 3442 1325 3501 abet,
1337 3443 1394 3504 dec-1
1412 3444 1503 3508 Jacobi

297 3519 442 3582 (σπλάγχνα
453 3522 594 3584 οἰκτιρμοῦ).
925 3530 1036 3585 suggests
1047 3521 1098 3570 r'llt's
1104 3536 1116 3579 ;
1129 3521 1173 3570 but
1185 3538 1201 3571 a
1209 3524 1279 3572 mark
1287 3524 1316 3573 oi
1323 3523 1504 3588 interrogation

330 3612 352 3662 5.
375 3602 476 3665 eoquod
484 3601 641 3657 nitebantur,
654 3600 711 3663 dte]
723 3601 766 3651 i.e.
780 3601 875 3652 S.Paul
926 3603 1026 3652 renders
1045 3602 1088 3653 the
1106 3603 1163 3653 MS.
1182 3611 1234 3654 text
1253 3605 1409 3670 intelligible.
1444 3607 1503 3656 Pos·

296 3684 317 3732 is
328 3683 417 3747 urging
429 3683 470 3732 the
481 3689 536 3747 past
550 3683 697 3732 kindnesses
714 3682 744 3731 oi
757 3682 799 3732 the
818 3683 874 3731 Phi·
926 3685 997 3748 sibly‚
1019 3685 1143 3746 however,
1166 3686 1212 3736 illa
1234 3703 1291 3751 rnny
1308 3687 1340 3736 be
1363 3688 1505 3739 redundant

297 3765 392 3830 lippian
402 3765 501 3814 Church
510 3766 619 3816 towards
627 3765 730 3815 himself
739 3766 778 3826 (ci.
787 3783 812 3831 p.
821 3779 874 3832 197.
927 3769 968 3832 (cs.
983 3787 1007 3834 p.
1020 3786 1074 3832 24²·
1089 3771 1107 3818 l.
1120 3771 1167 3832 14),
1180 3786 1209 3819 or
1219 3785 1235 3818 a
1245 3770 1384 3819 correction
1395 3770 1424 3819 os
1431 3787 1501 3835 qnae.

298 3848 323 3896 ll.
339 3863 361 3908 a,
375 3847 533 3912 3lasaplea
545 3847 582 3896 ior
594 3848 636 3898 the
648 3849 781 3898 iulfilrnent
794 3849 824 3898 oi
836 3850 875 3899 his
962 3848 997 3900 16.
1024 3851 1230 3912 concertationem]
1267 3851 1354 3915 Vulg„
1372 3853 1505 3900 contortio-

297 3935 395 3993 present
408 3938 514 3994 request.
549 3931 584 3982 So
598 3931 651 3992 (but
663 3932 723 3980 with
735 3933 784 3982 less
797 3932 875 3981 direct
926 3947 981 3979 mm
988 3947 1000 3990 ,¹
1017 3932 1066 3980 and
1078 3948 1105 3981 so
1119 3933 1244 3981 Rabanus.
1274 3933 1377 3997 Jacobi:
1392 3935 1437 3981 “at
1448 3948 1505 3980 con·

297 4015 403 4064 allusion
415 4022 441 4063 to
454 4028 476 4063 c.
490 4013 523 4061 iv.
538 4013 627 4077 rosq1)
640 4013 743 4078 Chrysa
760 4015 791 4064 ὡς
807 4015 836 4062 ἃν
852 4016 874 4063 et
924 4019 979 4060 cert
995 4021 1096 4077 propter
1112 4013 1237 4062 raritatem
1255 4011 1370 4062 uocabu'li
1387 4027 1402 4060 a
1418 4021 1506 4062 nostro

297 4100 392 4159 ἔλεγεν·
410 4097 433 4145 el
441 4096 495 4145 rad
509 4113 555 4154 μου
565 4097 640 4156 λόγον
651 4098 722 4158 ἔχεις.
746 4096 836 4147 Thdt.:
854 4097 878 4143 et
925 4094 1023 4158 saepius
1038 4095 1144 4145 adhibiti
1160 4095 1349 4159 praeferendum
1365 4109 1417 4144 esse
1428 4093 1506 4148 ,uide-

296 4197 353 4228 τινα
369 4178 420 4240 ’γὰρ
435 4180 487 4236 ἐμοὶ
505 4177 659 4240 παράκλησιν
677 4179 770 4238 (φησὶν)
788 4195 873 4246 appre-
924 4176 987 4227 tur.”
1036 4177 1162 4241 Similnrly
1184 4177 1266 4225 below
1293 4177 1327 4239 (p.
1351 4189 1407 4238 215,
1430 4175 1448 4224 l.
1472 4175 1505 4236 t),

297 4260 390 4320 νεγκεῖν
401 4259 592 4321 βούλεσθε...διὰ
603 4261 688 4306 τούτου
701 4259 849 4320 παράσχετε.
926 4259 1044 4308 Rabanus
1053 4259 1197 4308 substitutas
1206 4259 1247 4307 the
1257 4257 1333 4322 Vulg.
1343 4259 1357 4287 ¹¹
1366 4257 1507 4321 superiores

331 4343 352 4390 8.
385 4341 764 4404 si...diliga7nes...patientiam
810 4341 874 4390 Lan·
928 4343 974 4392 sihi
986 4344 1093 4394 inuicem
1105 4340 1278 4392 arbitrantes.''

296 4421 372 4470 franc.
