3332 5210
171 386 335 476 VI.1,2.]
574 401 618 453 ιιι
642 403 694 455 ιιι.
717 403 768 454 AD
791 403 967 456 orturus.
1319 407 1378 472 103

172 573 244 640 riae
278 574 354 639 illos
388 575 531 652 uocauit,
565 595 605 640 eo
639 575 730 658 quod
760 574 937 641 ostendere
965 595 1002 639 se
1037 574 1128 658 ipsos
1164 573 1315 641 uolentes
1345 584 1379 640 et

172 678 312 762 gloriam
350 680 395 743 ab
427 678 619 744 hominibus
651 680 864 762 inquirentes,
894 699 955 762 pro
991 679 1113 761 quibus
1148 698 1215 744 non
1249 679 1379 745 fuerant

172 780 301 846 seducti
338 801 401 847 sua
441 782 616 847 sententia
671 779 889 864 ‘prouocare'
926 789 1040 845 autem
1078 779 1175 858 dixit,
1214 801 1254 844 eo
1287 782 1378 863 quod

173 903 297 966 magna
326 883 370 948 de
397 905 434 948 se
458 883 630 959 iactantes,
660 884 704 948 ad
734 883 985 948 contentionem
1014 883 1274 948 commouebant
1303 882 1379 948 illos

173 985 230 1066 qui
260 995 473 1067 negauerant.
522 996 556 1052 et
586 986 677 1068 quod
708 985 831 1050 adiecit
865 985 1054 1066 traicientes,
1085 986 1232 1068 grauiter
1262 985 1379 1051 admo-
1416 993 1432 1061 5

172 1089 254 1152 dum
281 1089 315 1152 id
343 1098 377 1154 et
403 1101 591 1174 opportune
617 1091 747 1154 adiecit.
794 1090 1011 1154 ‘sicutenim
1035 1090 1222 1154 inuidentes
1246 1090 1378 1156 illorum

172 1192 281 1268 saluti,
297 1195 343 1258 ita
365 1195 456 1258 hisce
478 1194 687 1259 sermonibus
710 1192 870 1257 uidemini
894 1215 951 1258 eos
974 1195 1018 1258 ad
1034 1194 1287 1259 contentionem
1303 1216 1379 1280 pro·
1433 1180 1436 1184 ⁵

173 1315 301 1372 uocare,
317 1304 354 1359 ut
369 1297 460 1359 omni
482 1317 526 1360 ex
542 1306 637 1379 parte
660 1319 680 1361 a
702 1305 813 1360 uestra
830 1297 1006 1361 discedant
1023 1296 1259 1361 communione
1269 1320 1277 1377 ;
1301 1317 1377 1361 cum

173 1399 353 1462 conueniat
368 1420 436 1476 uoS,
455 1401 526 1481 (sed
543 1420 610 1463 non
626 1399 770 1464 salutern
787 1421 901 1464 eorum
918 1422 997 1464 uera
1013 1399 1142 1464 ratione
1157 1400 1377 1484 desideratis),

173 1499 407 1565 exhortatione
422 1503 534 1584 potius
550 1524 607 1567 eos
623 1503 665 1566 ad
683 1504 717 1567 id
740 1502 830 1586 quod
854 1503 973 1566 melius
994 1511 1044 1567 est
1067 1499 1243 1568 reuocare.'
1290 1503 1378 1566 unde
1397 1517 1436 1566 10

174 1605 389 1687 inproperans
419 1626 477 1669 eos
506 1627 568 1689 pro
598 1607 719 1690 quibus
750 1627 817 1670 non
848 1608 934 1671 bene
964 1616 1110 1690 egerant,
1141 1607 1251 1685 adicit,
1278 1607 1378 1672 simul

173 1707 295 1773 docens
311 1730 369 1774 eos
384 1710 670 1792 quemadmodum
686 1708 794 1774 iacere
810 1711 991 1775 deberent:

229 1843 368 1923 fratres,
395 1845 457 1908 etsi
468 1843 718 1928 praeocczpatus
733 1844 847 1927 fuerit
860 1844 951 1908 lama
978 1845 1012 1908 in
1039 1843 1148 1928 aliqua
1170 1843 1290 1923 delicto,
1321 1866 1380 1909 uos

172 1945 233 2029 qui
258 1946 423 2029 spiritales
451 1949 534 2022 estas,
565 1949 717 2013 instruite
743 1970 816 2013 eum
844 1947 904 2032 qui
931 1949 1090 2012 eiusmodi
1117 1958 1170 2026 est,
1197 1949 1234 2014 in
1258 1949 1380 2034 spiritu

173 2051 454 2127 mamraetudims:
476 2051 682 2117 considerans
697 2052 840 2136 teipsam,
857 2063 941 2117 neat
954 2062 989 2116 tu
1005 2053 1176 2136 temptaris.
1398 2053 1433 2122 Ι5

239 2186 303 2250 ‘sic
318 2188 425 2270 magis
440 2188 596 2253 conuenit
612 2188 719 2252 facere
742 2209 802 2270 uos
818 2189 875 2270 qui
892 2188 971 2252 estis
994 2187 1140 2272 perlecti,
1156 2190 1266 2256 uerbis
1281 2191 1380 2256 lenis-

174 2289 266 2380 simis
281 2312 338 2354 eos
358 2292 414 2375 qui
433 2301 655 2375 peccauerunt
677 2302 881 2370 reuocantes
895 2291 1061 2375 simulque
1084 2301 1276 2375 reputantes
1299 2316 1381 2378 quo·

174 2397 264 2461 niam
294 2397 446 2461 homines
477 2405 510 2460 et
541 2418 600 2461 uos
631 2397 719 2472 estis,
744 2396 841 2461 sicut·
857 2405 891 2460 et
915 2397 972 2471 illi,
999 2396 1055 2479 qui
1083 2397 1226 2462 multam
1250 2399 1381 2482 perpeti

174 2499 434 2564 mutabilitatem
457 2500 502 2564 ob
529 2507 667 2564 naturae
693 2497 835 2582 potestis
862 2497 1123 2563 inbecillitatem.
1168 2508 1202 2580 et
1228 2499 1285 2564 illa
1309 2501 1402 2583 ipsa¹

170 2609 322 2666 struens:
1397 2606 1440 2656 20

239 2728 376 2792 inuicem
390 2749 486 2792 onera
501 2738 610 2794 uestra
617 2736 755 2812 portate,
771 2727 862 2791 etsie
875 2711 1094 2811 adimplebitis
1108 2727 1207 2811 legem
1224 2727 1359 2795 Christi.

240 2860 303 2944 †ut
318 2865 409 2930 dicat
424 2863 633 2930 ‘caritatem’
678 2864 765 2929 hanc
783 2864 872 2929 enim
889 2873 987 2929 uocat
1008 2865 1106 2946 Iegem
1123 2863 1258 2931 Chn'sti.
1303 2866 1382 2930 ‘scd

243 3065 308 3152 [iva
319 3065 396 3152 εἴπῃ
407 3064 464 3147 τὴν
476 3063 616 3149 ἀγάπην·
631 3063 751 3146 ταύτην
765 3063 829 3151 γὰρ
843 3063 942 3148 λέγει]
961 3061 1072 3146 νόμον
1086 3063 1268 3148 Χριστοῦ.
1294 3057 1384 3128 ἀλλὰ

226 3251 250 3296 2,
265 3253 279 3300 3
296 3251 404 3300 namque
414 3235 431 3285 s.
444 3251 464 3286 s.
477 3235 521 3287 &c
539 3233 575 3285 θ’
587 3251 637 3284 ιιοιι
648 3233 666 3283 ί.
679 3251 699 3284 s.
711 3235 744 3283 ab
755 3249 799 3284 sua
810 3238 872 3283 sent.
890 3231 993 3296 Chora)
1049 3230 1148 3296 iamque
1159 3229 1176 3280 s.
1191 3247 1211 3280 s.
1223 3245 1268 3280 sua
1278 3237 1340 3280 sent
1356 3231 1389 3281 H

175 3338 191 3382 4
208 3317 399 3368 commonebant
410 3317 444 3366 H
571 3329 633 3380 5-7
650 3314 864 3380 grauiter...saluti
875 3329 913 3362 om
926 3313 960 3362 H
1095 3315 1111 3362 8
1127 3312 1184 3362 coin
1197 3311 1255 3376 (sar
1264 3310 1342 3375 omni)
1355 3312 1390 3362 H

175 3415 192 3467 9
208 3400 229 3448 si
239 3399 295 3464 (sor
304 3399 348 3448 sed
358 3399 418 3460 non)
430 3397 532 3462 Clrorrl
547 3396 551 3462 Ι
566 3397 712 3448 desideratis
722 3413 762 3447 om
774 3396 809 3446 H
849 3409 878 3456 ιγ
890 3395 964 3444 etiam
976 3395 1023 3444 etsi
1035 3395 1068 3443 H
1112 3409 1144 3445 ‘ro
1155 3401 1266 3444 astruens
1278 3394 1383 3456 Clcm)

176 3497 207 3546 ιη
219 3497 256 3546 sq.
270 3480 348 3530 Coisl.
360 3493 408 3543 204
420 3480 437 3530 i.
450 3497 479 3544 42
490 3481 507 3529 b
519 3480 573 3542 [Cr.
583 3479 615 3528 vi.
631 3479 671 3536 86,
684 3479 724 3528 Fr.
743 3476 801 3543 ¹²9]
814 3477 934 3539 θείίωροι.
972 3475 1045 3526 ἄλλοι
1057 3476 1083 3525 δέ
1094 3481 1178 3536 φησιν·
1196 3475 1267 3534 νόμον
1277 3474 1385 3536 Χριστοῦ

174 3563 220 3621 τὴν
231 3562 332 3624 ιίγίπην
343 3561 425 3621 φησίν.
455 3560 522 3610 ἀλλὰ
532 3561 572 3608 καί
584 3561 723 3618 κοινωνῆσαι
735 3556 800 3619 αὐτῷ
811 3558 840 3606 τί
852 3557 950 3620 φορτίον
961 3556 1071 3616 ὀφείλεις·
1089 3554 1160 3604 τοῦτο
1172 3555 1198 3604 δὲ
1209 3557 1302 3618 γίνεται
1313 3555 1381 3616 drus,

175 3645 251 3693 ιι.τ.λ.

212 3779 249 3813 ιι.
283 3763 623 3828 ιἰιρνηοονοιιηείιειίίζωνι
642 3762 751 3823 Rlinsch,
805 3776 834 3810 so
844 3760 893 3810 Th.
908 3758 1014 3819 himself,
1028 3759 1087 3810 who
1097 3759 1124 3809 in
1135 3759 1177 3809 the
1185 3775 1275 3809 comm.
1287 3775 1321 3810 on
1332 3775 1356 3809 ι.
1368 3776 1383 3810 n

174 3847 252 3908 Itala,
266 3862 290 3911 p.
308 3862 362 3914 ¹94·
805 3842 949 3893 substitutos
963 3842 1062 3905 φορτίον
1076 3841 1114 3892 ίοι
1128 3839 1205 3905 βίρηι
1225 3857 1267 3892 see
1278 3841 1296 3890 l.
1306 3856 1336 3906 ²3
1345 3857 1383 3909 sq.

213 3930 250 3978 18.
286 3926 395 3976 ίιοιιιίιιιι
411 3932 434 3975 et
452 3941 495 3974 uos
511 3925 577 3988 estiis]
607 3925 695 3976 Thus:
714 3923 753 3974 ιίν·
806 3927 855 3988 (vv.
870 3924 918 3986 lh).

177 4008 270 4071 θρωτοι
281 4009 310 4066 εί,
322 4003 649 4070 τρεπτηιίχωιτὴνφύοιι·
667 4007 753 4055 ruadh-
836 4007 1007 4073 adimplebitis]
1030 4007 1122 4058 Unless
1144 4007 1187 4057 the
1209 4008 1342 4057 translator
1362 4007 1384 4056 is

175 4108 254 4154 γηοον
264 4089 300 4152 roi
312 4093 389 4141 κακῶς
400 4092 543 4152 διακειμένῳ,
804 4091 921 4156 thinking
937 4092 967 4142 oi
984 4091 1027 4141 the
1047 4091 1120 4141 Latin
1137 4091 1256 4151 versione,
1276 4088 1384 4149 ἀναπλη-

210 4190 250 4225 ιι.
277 4192 351 4226 ariera
367 4182 448 4224 uestra
460 4175 565 4238 portate]
599 4173 690 4239 Comp.
710 4173 753 4224 be·
804 4177 894 4237 ρώοειε
905 4175 978 4224 stood
990 4175 1016 4222 in
1027 4173 1097 4224 Tu’s
1109 4181 1169 4223 text.
1192 4173 1342 4232 Theodoret,
1356 4188 1385 4222 as

175 4259 233 4318 low,
243 4275 266 4306 ιι.
276 4263 412 4320 5.,“suum
424 4255 683 4322 pondusportabit.''
700 4257 754 4306 Our
804 4255 896 4314 edited,
911 4255 982 4304 reads
994 4252 1194 4317 ἀναπληρώσατε,
1209 4255 1245 4304 aa'
1257 4255 1283 4304 h.
1295 4255 1327 4316 t.;
1345 4256 1384 4306 his

176 4340 308 4389 translator
330 4340 351 4390 is
373 4339 465 4388 caresul
487 4347 514 4388 to
536 4337 684 4400 distinguish
711 4337 754 4387 the
804 4345 928 4387 comment
946 4337 967 4384 is
983 4337 1145 4401 ambiguous:
1165 4335 1238 4386 οὕτως
1254 4337 1305 4399 γὰρ
1322 4338 1384 4398 πλη-

175 4435 311 4484 synonyms
329 4417 408 4483 (βάρη,
423 4418 539 4482 φορτίον),
553 4417 649 4481 though
666 4418 691 4466 in
711 4417 754 4467 the
803 4416 886 4482 ροῡτιιι
897 4416 940 4478 riis
951 4415 1050 4480 ιίγιίπηι
1061 4419 1075 4467 ί
1085 4415 1161 4478 νόμοι.

175 4498 675 4552 Iatinversiousonusisusediorboth.
699 4499 753 4550 Not
837 4515 876 4551 an.
904 4507 933 4554 ut
948 4501 1015 4552 atat
1034 4500 1173 4552 ‘caritatem
1182 4497 1200 4563 ']
1239 4499 1329 4551 ludu:
1347 4497 1383 4551 νί-
