3340 5232
164 407 222 474 tv.
239 412 367 492 32-V·
382 411 426 497 4]
567 425 609 476 ru
634 424 687 476 ur.
711 425 762 476 no
786 425 972 478 seussros

226 591 311 658 sicut
321 603 355 658 et
367 592 458 660 Deus
473 591 607 678 (inquit)
624 592 659 656 in
676 589 805 659 christo
817 592 956 659 donauit
969 592 1066 658 uobr's.

227 731 261 786 et
275 721 447 788 confidens
462 722 620 806 exemplo
634 722 776 805 probato
790 745 797 786 ε

225 884 320 940 estote
332 895 409 958 ergo
423 873 603 938 imitatores
616 872 689 938 Dei.

226 996 350 1062 deinde
364 1009 398 1063 et
413 999 652 1086 condecentem
666 998 847 1063 ostendens
862 1019 935 1064 esse
950 998 1058 1082 ipsam
1074 1000 1314 1067 imitationem:

226 1143 312 1211 sicut
315 1146 390 1232 filii
402 1147 517 1213 dilecti.
1409 1150 1425 1218 5

228 1285 263 1340 et
278 1276 473 1341 imitationis
489 1276 597 1342 sactae
612 1276 814 1342 documenta
828 1276 993 1341 ostendit:

227 1439 260 1492 et
272 1430 433 1494 ambulate
448 1429 484 1493 in
497 1429 674 1494 caritatem.

229 1566 264 1621 et
279 1557 397 1621 iterum
414 1556 571 1639 exemplo
587 1556 698 1632 utitur,
714 1553 811 1618 simul
827 1555 1009 1652 discutiens
1025 1553 1124 1619 illud:

228 1704 312 1768 sicut
323 1716 356 1768 et
371 1703 521 1770 Christus
541 1705 656 1769 dilevit
677 1726 740 1782 nos,
755 1713 787 1768 et
806 1704 944 1787 seipsum
959 1703 1102 1768 tradidit
1107 1716 1172 1788 pro
1186 1703 1276 1769 nobis
1288 1703 1374 1769 obtr-

163 1803 282 1870 tiorum
296 1814 328 1867 ct
339 1805 535 1889 sacrificium
550 1805 619 1869 Deo
634 1805 669 1869 in
683 1805 809 1869 odorem
825 1805 922 1870 bonae
934 1805 1120 1872 suauitatis.
1392 1823 1431 1872 ιο

231 1931 316 1995 sicut
331 1941 365 1996 et
388 1931 555 1996 Dominus
579 1934 680 1999 dicit:
706 1945 744 1998 ut
764 1935 914 2018 diligatis
938 1935 975 2000 in
999 1935 1144 2012 inuicem,
1157 1935 1242 2000 sicut
1265 1945 1297 2000 et
1320 1957 1375 2020 ego

163 2031 267 2095 diluti
290 2053 346 2095 uos
354 2055 369 2108 ‚·
396 2034 550 2098 maiorem
574 2035 634 2100 lurc
651 2035 820 2102 caritatem
844 2058 933 2102 nemo
958 2037 1053 2102 labet
1072 2047 1111 2102 ut
1131 2039 1206 2121 quis
1226 2037 1375 2101 animm

163 2160 259 2203 stiam
272 2149 376 2224 ponat
389 2151 454 2224 pro
475 2139 590 2205 amz'cis
611 2141 688 2206 suis.
733 2151 767 2207 et
789 2151 868 2225 post
891 2141 1038 2207 caritatis
1062 2141 1163 2206 uerba
1188 2142 1306 2206 iterum
1331 2142 1375 2205 ad

165 2242 231 2307 alia
246 2243 365 2308 transit
379 2244 512 2307 dicens:

220 2397 401 2480 fornicatio
414 2408 523 2463 autem
542 2409 574 2462 et
593 2397 698 2469 omnis
712 2399 925 2464 immunditia
945 2409 1006 2464 aut
1025 2399 1176 2463 auaritia
1198 2420 1253 2464 nec
1273 2399 1374 2465 uomi-
1392 2415 1428 2483 15

164 2511 261 2564 netur
274 2500 309 2566 in
325 2502 420 2567 uobis

231 2625 478 2690 immunditiam
515 2627 597 2691 dicit
633 2627 859 2691 fornicationis
895 2627 1034 2691 nimiam
1072 2626 1296 2708 pertinaciam.
1341 2636 1375 2691 et

164 2729 324 2808 quoniam
350 2729 447 2804 dixit,
473 2749 569 2811 neque
594 2730 777 2794 nominetur
801 2730 837 2794 in
862 2729 959 2806 uobis,
985 2730 1029 2794 ad
1059 2730 1292 2796 uerecundiam
1317 2751 1375 2798 eos

166 2827 312 2890 inuitans
328 2829 471 2892 adiecit:

229 2973 315 3038 sicut
326 2973 411 3040 decet
422 2987 554 3043 sanctos.
1390 2992 1432 3041 20

231 3111 266 3168 et
282 3122 349 3167 non
365 3103 473 3168 solum
488 3103 561 3180 hoc,
579 3107 636 3170 sed

230 3265 262 3319 ct
284 3255 449 3339 turpitudo
473 3268 505 3322 et
526 3227 763 3340 stultiloquium
787 3268 819 3322 et
841 3257 1034 3334 scurrilitas,
1049 3278 1130 3342 quae
1151 3256 1200 3321 ad
1218 3277 1288 3330 rem
1314 3279 1377 3322 non

158 3357 301 3440 pertinet
307 3383 323 3435 ,·
345 3359 404 3424 sed
415 3359 522 3443 magis
531 3361 725 3444 gratiarum
739 3359 830 3424 actio,

230 3484 467 3570 stultiloquium
481 3488 571 3564 dicit
582 3488 719 3570 quando
734 3489 777 3552 de
791 3487 889 3553 rebus
904 3506 971 3551 non
988 3484 1180 3582 necessariis
1191 3483 1374 3567 loquimur;

164 3585 398 3651 scurrilitatem
423 3610 501 3653 uero
524 3589 605 3655 dicit
628 3588 879 3673 derogationem
905 3589 995 3654 illam
1019 3607 1121 3674 quam
1144 3587 1178 3651 in
1201 3585 1375 3672 proximos
1387 3602 1441 3686 25v

166 3688 313 3756 facimus.
356 3692 479 3758 deinde
494 3703 528 3758 et
542 3695 697 3759 timorem
713 3693 777 3758 iliis
793 3695 975 3758 incutiens:

217 3887 228 3921 r
247 3872 322 3922 nobis
339 3873 373 3922 H
498 3891 512 3940 3
530 3891 591 3941 ergo
608 3892 648 3926 om
670 3876 708 3926 C*
837 3896 853 3939 4
870 3875 1037 3926 condecenter
1053 3875 1087 3924 H
1197 3886 1211 3939 7
1228 3873 1330 3924 ueritate
1347 3873 1382 3922 H

169 3967 196 4002 rr
215 3952 242 4002 in
253 3953 374 4018 (tesino.)
385 3969 425 4004 om
436 3955 470 4006 H
555 3971 583 4008 rs
601 3957 667 4008 hene
681 3959 703 4007 C
708 3956 720 3982 ⁸
730 3958 764 4007 H
850 3970 877 4020 ¹⁷
895 3955 1072 4006 fornicationes
1086 3952 1124 4005 ζ’·
1219 3969 1249 4020 19
1265 3952 1342 4004 edicit
1356 3953 1378 4002 C

167 4048 198 4097 ²⁵
216 4035 376 4086 scurrilitates
387 4037 421 4086 H

202 4211 240 4246 rr.
273 4199 501 4264 uldr't'r'gntis‚&c·]
535 4201 638 4268 S.John
649 4219 689 4252 xv.
705 4218 742 4262 rs,
796 4203 940 4265 καὶμυρολ
957 4197 1205 4264 retemperettatt).
1228 4199 1376 4264 Byetrpn.

170 4291 214 4341 ¹3²
226 4279 265 4327 tre
277 4279 392 4341 ἀγαπᾶτε
403 4282 531 4344 ἀλλήλους,
547 4285 622 4333 rudus
632 4283 746 4345 [ψκάγὼ
795 4285 844 4335 Tre
854 4299 935 4334 seems
943 4291 971 4333 to
979 4282 1131 4333 understand
1143 4281 1299 4330 ‘ill-netured
1307 4279 1376 4340 wit’3

167 4357 229 4422 (tes.
245 4375 296 4428 v.9
313 4363 363 4413 end
380 4379 401 4415 c
416 4365 466 4415 xiii
483 4380 522 4429 34,
536 4365 637 4430 vv.ti.)]
650 4366 746 4427 ἠγάπη-
795 4366 827 4416 es.
842 4365 919 4416 Arist
940 4365 1011 4414 thet.
1029 4364 1054 4414 ii.
1077 4376 1104 4412 rs
1122 4361 1200 4425 [cited
1215 4361 1251 4426 by
1266 4361 1377 4420 Treueh,

168 4443 279 4502 σαὺμᾶς.
309 4445 412 4508 μείζονα,
426 4449 502 4496 rm.
797 4447 885 4514 Syn.]:
913 4446 1000 4510 ἡγὰρ
1028 4445 1174 4510 urrerem
1202 4445 1378 4504 πεπαιδευμένη

201 4538 241 4576 ss.
273 4533 297 4576 et
312 4529 500 4594 stultiloquum.
516 4528 573 4591 dte]
606 4531 647 4579 rot
662 4531 743 4593 elev.
798 4528 864 4594 ὕβρις
875 4529 948 4581 ἐστίν.

256 4635 282 4685 S.
1253 4637 1289 4684 12
