3332 5210
154 375 194 444 V.
215 377 275 466 16.]
567 393 608 445 nr
633 393 685 445 nr.
709 393 760 444 nn
783 391 958 444 oremus.
1321 389 1366 460 97

156 569 351 653 inpossibile
378 579 439 646 est,
455 581 618 655 quantum
635 573 678 637 ad
700 571 852 636 homines
874 569 1014 636 uidetur.
1059 569 1150 654 quod
1172 563 1365 653 apte'com-

155 673 276 754 posuit,
293 674 408 738 dicens
424 675 457 738 in
474 675 760 758 praecedentibus,
777 674 937 739 mordetis.
983 693 1060 736 nam
1079 671 1221 736 morderi
1238 671 1366 734 interea

154 793 208 836 res
229 774 362 857 patitur.
409 787 443 841 et
464 779 542 860 quia
562 797 710 841 morsum
731 777 817 841 solet
838 777 931 859 sequi
953 797 1028 839 esca
1048 783 1082 838 et
1101 775 1251 838 consumi
1270 772 1365 854 (illud

154 885 268 940 autem
284 877 376 960 quod
390 879 620 954 manducatur,
631 881 817 943 necessario
830 887 863 942 et
875 879 1081 942 consumitur
1093 885 1126 940 et
1138 875 1364 959 expenditur),

157 998 225 1042 non
250 978 390 1066 [autem]
415 983 458 1047 de
480 982 617 1046 homine
639 983 673 1046 id
698 981 766 1045 fieri
790 982 896 1060 solet;
920 1003 1000 1064 ergo
1025 982 1168 1064 primum
1196 980 1279 1043 illud
1307 1002 1365 1063 po·
1401 974 1417 1040 5

155 1081 230 1158 suit,
240 1083 416 1166 quodfieri
432 1094 572 1169 poterat.
595 1086 718 1150 deinde
730 1086 905 1150 coniunxit
922 1085 978 1149 illa
994 1105 1080 1167 quae
1095 1085 1137 1149 de
1153 1085 1268 1147 ordine
1283 1105 1365 1166 quo·

156 1187 236 1252 dam
252 1189 447 1253 naturaliter
463 1188 533 1252 fieri
555 1198 720 1273 poterant,
735 1200 772 1254 ut
794 1210 838 1253 ex
859 1189 1024 1254 dictorum
1045 1189 1161 1252 ordine
1181 1189 1282 1252 etiarn
1307 1187 1365 1252 illa

155 1311 244 1373 quae
266 1291 397 1357 dixerat
420 1293 606 1358 necessario
627 1293 845 1370 confirmaret,
870 1302 903 1357 et
925 1291 1016 1376 quod
1042 1292 1220 1356 uidebatur
1242 1293 1275 1355 in
1299 1292 1364 1356 illis

155 1415 229 1460 esse
256 1395 454 1460 insuadibile
484 1396 648 1461 dictorum
685 1395 915 1479 subterfugere
954 1397 1122 1460 uideretur
1159 1395 1362 1460 iactantiam.

157 1496 229 1560 uult
251 1506 364 1561 autem
388 1498 497 1562 dicere
520 1499 679 1582 quoniam
706 1495 776 1580 τοί
793 1497 963 1563 uolueritis
986 1499 1145 1563 aduersus
1167 1497 1362 1562 alterutrum
1381 1505 1420 1551 10

156 1599 204 1665 sic
220 1600 428 1682 pertinaciter
442 1601 654 1678 contendere,
669 1622 737 1666 non
753 1603 862 1666 solum
884 1601 966 1666 nihil
986 1601 1189 1666 adiuuabitis
1210 1601 1284 1665 illos
1306 1603 1363 1684 qui

157 1712 387 1784 peccauerunt,
414 1704 473 1768 sed
499 1707 709 1770 econtrario
734 1704 859 1769 alienos
890 1725 947 1768 eos
973 1725 994 1767 a
1023 1703 1151 1786 pietate
1176 1703 1363 1786 perficietis,

157 1806 438 1890 praeeligentibus
461 1809 588 1873 interea
609 1808 675 1872 illis
698 1808 761 1873 hoc
786 1811 958 1900 sustinere,
983 1816 1120 1892 propter
1142 1808 1364 1873 contentionis

157 1917 287 1972 uestrae
311 1911 563 1975 enormitatem!
608 1911 699 1995 quod
715 1922 748 1978 et
765 1912 849 1976 bene
864 1911 1051 1974 ‘consumi’
1068 1912 1190 1993 posuit,
1206 1932 1246 1975 eo
1273 1911 1364 1994 quod

157 2007 219 2072 scit
235 2008 425 2075 huiusmodi
442 2033 492 2077 res
516 2023 686 2095 peractam
708 2015 964 2078 minorationem
988 2015 1021 2077 in
1045 2014 1215 2078 communi
1236 2013 1363 2090 inferre,
1382 2012 1416 2078 ¹5

158 2132 234 2177 cum
260 2116 398 2198 quidam
422 2137 443 2180 a
469 2118 595 2200 pietate
616 2117 822 2182 discedunt*
868 2127 902 2181 et
925 2117 988 2181 hoc
1003 2117 1116 2181 dicens
1139 2118 1181 2181 ad
1199 2119 1363 2199 integram

159 2219 303 2300 primum
327 2222 538 2304 progreditur
560 2223 756 2287 doctrinam.
802 2222 925 2288 deinde
947 2222 1083 2286 recurrit
1105 2223 1223 2286 iterum
1247 2223 1290 2286 ad
1307 2221 1364 2286 illa

157 2339 245 2402 quae
260 2325 433 2406 proposita
447 2325 510 2389 sibi
527 2334 638 2390 erant:

223 2464 293 2530 dt'co
313 2469 599 2552 arctorum-Spiritu
621 2469 791 2548 ambulate,
813 2481 845 2535 et
863 2469 1059 2538 desiderium
1079 2473 1190 2537 carnis
1213 2493 1275 2536 non
1290 2485 1365 2556 per-

149 2569 279 2655 ficiens.
1379 2570 1422 2617 20

226 2770 256 2837 εί
264 2772 402 2853 μέλλετε
416 2772 499 2861 πρὸς
514 2772 680 2857 ἀλλήλους
696 2772 795 2846 οὔτως
810 2779 1002 2861 φιλονεικεῖν
1022 2771 1203 2852 ἀνενδὸτως,
1217 2773 1253 2840 οὗ
1268 2774 1367 2858 μόνον

159 2871 251 2940 οὐδὲν
265 2875 420 2962 ὠφελεῖτε
442 2875 512 2949 τοὺς
533 2875 788 2961 ἁμαρτάνοντας,
804 2876 894 2942 ἀλλὰ
912 2876 977 2963 ’γὰρ
997 2875 1181 2942 τούναντίον
1201 2877 1262 2960 ἔξω
1286 2905 1366 2944 παν-

160 2983 260 3050 τελῶς
281 2981 432 3064 ’γενέσθαι
455 2981 570 3052 αὐτοὺς
587 2985 642 3062 τῆς
662 2979 828 3060 εὐσεβείας
843 2978 1117 3066 παρασκευάζετε.
1149 2979 1239 3046 tuat
1259 2985 1368 3053 καλῶς

162 3081 477 3151 (ἀναλίσκεσθαί
500 3085 662 3164 ἐκάλεσεν,
680 3082 736 3150 lire
758 3081 796 3165 δὴ
813 3084 947 3167 μείωσιν
967 3081 1186 3171 ἐργαζομένων
1206 3086 1252 3172 τῷ
1274 3088 1368 3172 κοινῷ

160 3189 295 3270 τῶν.τῆς
310 3185 479 3269 εὐσεβείας
492 3187 759 3276 ἀποχωρούντων.
1065 3217 1069 3224 ·
1382 3189 1420 3255 25

212 3347 274 3399 3—5
291 3335 405 3385 consumi
421 3349 472 3384 uon
490 3334 522 3384 de
537 3333 640 3384 homine
657 3333 683 3383 id
701 3333 753 3383 fieri
771 3333 833 3382 solet
852 3332 939 3391 (soleat
957 3331 997 3391 H)
1013 3331 1075 3381 illud
1093 3331 1129 3392 (id
1146 3331 1189 3393 H)
1205 3339 1288 3382 autem
1300 3333 1369 3397 quod

161 3417 324 3466 manducatur
335 3415 473 3466 necessario
485 3416 549 3475 (ne'c
565 3432 603 3464 om
616 3417 660 3476 H)
676 3425 701 3465 et
713 3431 780 3464 cons
796 3423 821 3464 et
833 3429 898 3479 exp,
912 3429 979 3478 ergo,
994 3413 1038 3464 &c
1053 3414 1114 3462 CH
1223 3411 1239 3462 6
1255 3415 1287 3464 de
1295 3430 1334 3463 om
1348 3416 1371 3464 C

164 3511 191 3546 rr
210 3497 376 3562 solumqueC
416 3542 420 3552 ,
442 3511 478 3561 13,
493 3512 523 3559 14
539 3496 711 3546 contentiones
724 3503 817 3545 uestras
831 3493 866 3544 θ’
922 3507 950 3556 15
968 3494 1118 3544 inoratione
1133 3493 1373 3544 CminorationeH

161 3595 190 3631 τι
205 3595 242 3646 sq.
264 3580 342 3631 Coisl.
357 3593 413 3642 204,
428 3579 444 3628 s.
458 3593 516 3641 4oa
529 3579 581 3642 [Cr.
596 3579 629 3628 vi.
644 3579 683 3639 81,
696 3577 737 3628 Fr.
753 3577 809 3642 1²9]
822 3578 942 3638 θεόδωρος.
991 3575 1065 3626 ἄλλος
1081 3576 1107 3625 δέ
1124 3582 1208 3637 φησιν·
1221 3578 1243 3625 εἱ
1254 3577 1365 3636 μέλλετε,

162 3666 237 3714 κ.τ.λ.

196 3791 217 3838 3.
262 3781 287 3825 et
304 3775 421 3834 consumi,
441 3775 507 3824 illud
524 3781 613 3837 aretem,
635 3775 691 3836 tta]
725 3775 738 3824 1
826 3791 861 3836 ¹4·
893 3791 918 3824 eo
940 3776 1006 3839 quod
1024 3775 1073 3835 scir,
1098 3775 1155 3837 tc]
1184 3775 1253 3826 Pitra
1279 3776 1368 3826 reads:

161 3857 226 3909 hare
243 3859 362 3910 ventured
379 3867 406 3909 to
422 3859 510 3923 depart
527 3858 590 3907 from
608 3858 650 3908 the
666 3859 739 3908 order
791 3859 848 3907 “eo
859 3857 928 3922 quod
939 3857 1081 3906 huiusmodi
1099 3872 1137 3906 res
1153 3865 1280 3922 peractam
1297 3873 1377 3928 uora3

160 3941 191 3991 ol
204 3942 247 3993 the
258 3943 348 4000 Mss„
366 3943 391 3991 in
407 3941 490 3992 which
507 3941 549 3991 the
565 3949 617 3990 text
634 3957 740 4005 appears
789 3940 883 3990 tionem
897 3939 923 3988 in
934 3940 1059 3988 communi
1072 3939 1160 3988 inferre
1172 3937 1290 4000 [solet];”
1307 3938 1368 3990 with

161 4033 189 4076 to
200 4025 263 4076 have
274 4024 350 4076 fallen
361 4025 415 4074 into
426 4023 554 4074 confusion
567 4031 593 4073 at
601 4024 650 4075 this
658 4025 739 4090 point,
792 4019 834 4070 the
856 4028 915 4069 note
941 4019 1006 4068 “uel
1028 4019 1120 4070 omissa
1141 4019 1182 4068 uel
1204 4020 1368 4069 interturbata

162 4105 284 4171 probably
307 4105 413 4169 through
436 4104 479 4154 the
504 4103 622 4155 omission
646 4107 672 4153 ol
697 4105 740 4154 the
791 4101 911 4150 nonnulla
933 4109 991 4150 sunt
1012 4116 1076 4165 quae
1099 4101 1226 4150 restituere
1244 4107 1298 4150 tuto
1317 4116 1367 4151 non

161 4187 243 4237 words
255 4203 304 4236 non
316 4201 339 4236 α.
352 4186 381 4234 de
390 4185 488 4234 homine
497 4185 553 4250 idſs
563 4203 582 4235 s.
597 4186 630 4248 by
639 4201 654 4234 a
664 4201 740 4250 copy·
791 4179 884 4230 ualut.”
917 4181 988 4230 With
1000 4182 1042 4231 the
1053 4181 1113 4246 help
1124 4182 1153 4230 os
1166 4183 1208 4232 the
1219 4183 1303 4232 Greek
1318 4184 1369 4233 and

161 4266 193 4317 ist
207 4268 292 4330 pn'ma
309 4282 396 4328 uranu,
410 4266 460 4316 and
472 4266 536 4316 their
547 4265 665 4315 insertion
682 4265 708 4314 in
725 4279 741 4313 a
791 4261 820 4310 os
829 4263 870 4311 the
883 4261 978 4325 Harley
990 4263 1046 4312 MS.
1062 4262 1102 4322 (cl.
1118 4279 1158 4313 vv.
1170 4263 1208 4323 ll.)
1222 4265 1367 4314 restoration

162 4364 248 4414 wrong
265 4348 335 4413 place
352 4348 386 4412 by
402 4348 445 4397 the
464 4353 594 4396 corrector.
630 4345 686 4394 The
702 4361 739 4395 se·
791 4343 812 4392 is
828 4359 894 4408 easy.
927 4343 978 4392 For
994 4344 1133 4406 minorant,
1147 4360 1188 4394 see
1205 4361 1229 4409 p.
1247 4361 1282 4411 19,
1295 4347 1311 4395 l.
1330 4361 1367 4406 ra,

162 4428 227 4478 cond
238 4435 319 4479 auom
334 4427 418 4478 would
435 4427 460 4477 in
478 4427 528 4477 this
544 4441 601 4477 case
617 4424 741 4489 naturally
790 4433 857 4474 note.
894 4425 963 4476 Here
973 4426 993 4476 it
1005 4427 1143 4486 -τμείωσιςι
1160 4428 1250 4489 below,
1264 4429 1289 4478 in
1303 4429 1367 4479 Phil.

161 4508 301 4572 dlsappoer.
791 4507 815 4555 ii.
833 4519 871 4571 29,
883 4506 917 4554 iv.
933 4521 968 4566 Η,
983 4506 1114 4570 ὑστέρημα,
1127 4506 1261 4570 ὑστέρησιν.

248 4621 275 4674 s,
1264 4623 1283 4687 7
