3332 5210
283 419 344 467 100
613 413 841 466 susooonus
864 413 1157 466 nrorsussrauus
1280 399 1331 484 [V.
1349 417 1486 500 21-723.

343 607 425 669 quae
445 595 476 650 et
495 595 572 650 ante
591 585 660 650 dico
683 585 780 660 uobis,
803 583 888 648 sicut
907 594 939 648 et
951 584 1128 667 praediri·
1150 583 1303 668 quoniam
1325 584 1385 668 qui
1405 582 1488 648 talia

278 697 385 770 agunt
400 709 538 772 regnum
552 686 620 754 Dei
632 708 694 751 non
703 687 917 768 possidebunt.

343 829 430 894 bene
455 830 568 912 posuit
598 829 680 893 illud
709 828 798 913 quod
835 829 933 904 dixit,
967 835 1042 890 aitte
1069 825 1231 908 praedixi,
1259 834 1295 889 ut
1326 847 1368 890 ne
1398 844 1487 888 nunc

279 931 312 994 in
339 933 455 1014 primis
478 934 677 998 necessitate
701 934 840 997 adactus
869 932 951 997 illud
975 933 1085 996 dicere
1112 932 1298 996 uideretur:
1333 937 1485 996 ‘tantum

247 1046 262 1111 5
278 1035 373 1100 abest
389 1044 426 1099 ut
441 1038 547 1119 aptari
564 1036 660 1101 uobis
675 1038 804 1120 possint
819 1036 1010 1099 huiusmodi
1026 1043 1119 1100 actus
1136 1036 1183 1099 ita
1199 1045 1235 1098 ut
1251 1055 1312 1098 nec
1328 1032 1485 1116 possibile

277 1143 321 1206 sit
347 1143 422 1206 illos
451 1143 508 1226 qui
539 1142 572 1206 in
603 1141 654 1204 his
684 1151 762 1204 sunt
792 1161 930 1224 regnum
963 1139 1145 1222 adquirere.
1200 1138 1257 1202 illa
1283 1140 1372 1202 enim
1398 1157 1485 1220 quae

277 1261 416 1324 regnum
444 1244 508 1306 Dei
533 1243 602 1307 fieri
630 1263 697 1306 non
722 1242 879 1319 admittit,
906 1262 968 1305 nec
997 1250 1104 1306 status
1134 1241 1190 1305 ille
1223 1241 1279 1325 qui
1311 1252 1391 1305 tunc
1422 1241 1485 1302 erit

278 1347 412 1427 patitur,
443 1345 489 1410 illi
520 1347 576 1429 qui
618 1346 700 1411 talia
732 1355 836 1430 agunt
868 1347 1065 1429 participare
1103 1345 1233 1410 illorum
1272 1364 1508 1430 nequaquam

278 1458 456 1532 poterunt;
489 1471 528 1514 eo
558 1450 648 1534 quod
679 1460 713 1514 et
742 1451 906 1513 contraria
937 1448 1067 1512 illorum
1098 1471 1184 1533 quae
1213 1460 1294 1516 tunc
1318 1457 1414 1513 erunt
1440 1450 1483 1512 ad

226 1567 265 1615 10
278 1573 434 1635 praesens
463 1573 561 1636 agere
590 1551 834 1637 pertemptant!
893 1553 1013 1618 deinde
1043 1555 1161 1618 transit
1191 1554 1233 1618 ad
1272 1555 1372 1619 aliam
1409 1576 1485 1638 par·

277 1664 367 1720 tem:

333 1815 471 1897 fructus
494 1817 627 1900 (inquit)
653 1815 800 1898 Spiritus
821 1828 869 1882 est
881 1818 1011 1892 caritas,
1029 1818 1202 1900 gaudium,
1216 1829 1294 1900 par,
1313 1817 1482 1900 patr'entz‘a,

217 1937 221 1945 ·
277 1914 412 1997 bonitas,
428 1917 617 2001 benignitas,
625 1919 720 2003 fides,
738 1919 956 1998 mansuetudo,
972 1920 1178 1986 continentia.

341 2065 427 2131 bene
451 2067 600 2131 indicans
628 2055 797 2152 [fructum]
830 2067 973 2152 Spiritus
1003 2069 1176 2134 caritatem
1207 2069 1362 2134 omnibus
1392 2079 1483 2135 ante·

224 2189 259 2256 15
277 2169 426 2250 posuisse
452 2170 590 2246 uidetur,
616 2171 742 2254 reliqua
769 2192 848 2234 uero
871 2173 1000 2237 adiecit.
1045 2173 1127 2238 haec
1151 2175 1239 2237 enim
1262 2195 1347 2258 quae
1367 2197 1483 2240 secun·

275 2275 356 2337 dum
373 2284 582 2357 praesentem
603 2284 681 2339 sunt
701 2276 805 2340 uitam
827 2278 1010 2342 necessaria
1030 2286 1107 2341 sunt
1127 2277 1191 2340 illis
1214 2277 1270 2360 qui
1292 2279 1483 2345 custodiunt

275 2382 367 2444 illam
395 2400 480 2463 quae
511 2380 544 2443 in
565 2379 678 2464 tuturo
708 2380 762 2444 uel
786 2383 935 2445 maxime
957 2379 1158 2465 implebitur.
1202 2379 1379 2445 ‘fructum’
1403 2404 1484 2466 ergo

274 2479 447 2563 ‘Spiritus’
465 2482 553 2558 dicit,
565 2481 627 2546 hoc
639 2491 697 2560 est,
710 2483 765 2546 illa
784 2503 869 2566 quae
882 2503 941 2565 per
951 2484 1189 2547 mortalitatem
1205 2485 1337 2556 anobis
1353 2485 1482 2568 adquiri

275 2589 437 2653 uidentur.
482 2596 516 2651 et
540 2587 663 2652 iustum
691 2598 741 2652 est
764 2608 825 2651 nos
847 2589 903 2672 qui
928 2589 960 2651 in
984 2586 1048 2651 illis
1071 2587 1138 2651 iam
1161 2609 1284 2666 sumus,
1299 2591 1481 2653 secundum

219 2710 261 2760 20
276 2691 331 2756 illa
353 2691 548 2756 conuersari.
593 2692 758 2776 quaedam
781 2703 894 2757 autem
917 2701 994 2755 sunt
1019 2713 1063 2755 ex
1087 2691 1153 2755 illis
1176 2713 1262 2774 quae
1283 2693 1373 2757 dicta
1396 2702 1483 2771 sunt,

274 2819 362 2882 quae
393 2817 500 2880 neque
529 2805 663 2878 tempus
693 2795 816 2860 habere
840 2804 997 2878 poterunt
1022 2804 1058 2859 ut
1081 2797 1112 2859 in
1141 2796 1252 2859 futuro
1282 2796 1483 2879 impleantur

273 2899 425 2980 saeculo;
440 2898 538 2983 quale
550 2907 600 2962 est
614 2897 694 2962 illud
707 2899 796 2981 quod
810 2899 912 2962 dixit:
926 2896 1152 2981 ‘patientiam'
1164 2906 1197 2960 et
1211 2897 1482 2961 ‘continentiam'

274 3011 354 3065 tunc
374 3001 463 3065 enim
490 2999 656 3083 supertlua
677 3001 739 3063 erit
767 3000 938 3083 patientia,
962 3000 1097 3083 quando
1118 3020 1217 3064 nemo
1242 3002 1409 3064 inuenitur
1424 2999 1481 3084 qui

273 3104 405 3169 tristare
427 3102 573 3187 aliquem
596 3103 709 3186 possit.
755 3103 922 3185 superflua
945 3112 1058 3166 autem
1080 3104 1141 3167 erit
1163 3104 1375 3178 continentia,
1400 3104 1481 3166 dum

257 3315 261 3324 -
323 3279 925 3347 4illuddicere...actusom(perhontomtrilH
986 3279 1145 3342 7admittunt
1161 3279 1182 3328 C
1189 3279 1223 3328 H
1280 3285 1479 3344 9,ropoterant‚

273 3373 343 3414 erant
357 3363 427 3414 c·H
432 3382 438 3413 ε
454 3363 475 3412 C
486 3363 558 3424 (corr)
571 3361 685 3410 rrmodcls
695 3361 735 3410 the
743 3369 849 3410 sartam
858 3362 931 3409 tirus:
942 3377 988 3410 nee
999 3369 1077 3411 status
1088 3361 1130 3410 ille
1141 3361 1184 3426 qui
1196 3369 1254 3410 tunc
1266 3361 1311 3410 erit
1323 3362 1415 3425 patitur
1427 3362 1483 3410 illos

272 3446 316 3512 qui
327 3445 387 3494 talia
398 3461 436 3509 ag.
451 3453 514 3509 part.
529 3444 635 3504 illomm,
650 3459 681 3492 eo
692 3444 759 3508 quod
771 3451 795 3492 et
807 3451 886 3492 contr.
899 3443 997 3492 illorum
1009 3459 1072 3508 quae
1083 3451 1142 3492 tune
1153 3451 1233 3500 erunt,
1246 3443 1291 3493 dte.
1373 3459 1402 3504 ¹4
1418 3443 1481 3492 irue-

272 3535 326 3578 tum
337 3542 376 3575 om
391 3525 461 3574 C‘H
551 3523 580 3574 16
597 3523 928 3588 nee(lefnecess)addC’
1041 3524 1175 3587 17i11aH
1276 3538 1306 3589 19
1328 3522 1481 3574 uideturH'

274 3625 306 3669 η
324 3607 414 3656 tristari
425 3605 458 3655 al.
471 3605 567 3670 possint
580 3607 602 3656 C
612 3607 685 3667 (corr)

306 3797 331 3841 4.
363 3779 392 3829 in
408 3777 509 3843 primis]
530 3774 558 3826 τὸ
575 3776 706 3839 πρότερονι
723 3775 755 3826 ci.
772 3791 797 3841 p.
809 3773 850 3837 67,
904 3774 1009 3824 Solesm.
1024 3775 1039 3824 i.
1053 3790 1078 3840 p.
1098 3773 1154 3838 567)
1172 3774 1204 3825 he
1221 3789 1333 3825 removes
1350 3773 1392 3824 the
1409 3775 1481 3824 seml-

272 3862 290 3912 l.
309 3880 331 3925 4.
902 3857 976 3906 colon
998 3858 1048 3907 and
1071 3873 1119 3918 nec,
1144 3857 1190 3907 but
1213 3857 1264 3907 still
1284 3857 1359 3906 omits
1379 3871 1481 3921 neqrraq.

308 3957 329 4005 7.
375 3941 493 3998 adalind,
512 3940 569 4002 dre]
611 3940 680 3990 Pitra
699 3939 790 3989 retains
808 3939 852 3986 ad·
897 3945 948 4002 pot.

274 4024 377 4072 assitunt
387 4021 438 4071 and
449 4019 706 4086 placesasemicolon
717 4018 780 4068 alter
784 4020 852 4082 pati·
940 4035 975 4082 ¹3.
1014 4019 1114 4080 bonitas,
1139 4019 1482 4084 bensssgnuas...c0minenntz]

271 4112 317 4155 tur
326 4119 336 4161 ,·
359 4102 427 4161 then,
450 4101 531 4166 panly
548 4100 676 4163 following
695 4099 737 4149 the
754 4099 810 4148 lead
827 4098 857 4148 oi
903 4101 957 4151 Our
969 4102 1108 4160 translator,
1120 4101 1139 4151 it
1148 4102 1199 4150 will
1211 4103 1242 4151 be
1254 4102 1384 4160 observed,
1396 4115 1482 4164 agrees

273 4187 316 4236 the
336 4185 428 4235 Corbie
448 4192 578 4242 corrector,
603 4183 635 4233 he
658 4183 729 4234 reads
751 4183 793 4232 the
815 4198 851 4231 re·
903 4183 963 4232 with
978 4182 1019 4232 the
1035 4183 1129 4232 textos
1144 4183 1206 4232 Cod.
1221 4183 1316 4232 Amiat.
1328 4183 1353 4230 ln
1365 4181 1482 4246 omitting

274 4267 387 4317 mainder
399 4267 427 4316 ol
435 4267 477 4316 the
489 4275 621 4315 sentence:
637 4266 729 4327 “[nec]
742 4265 797 4314 illos
808 4264 851 4330 qui
901 4266 1006 4323 castrias,
1031 4265 1081 4314 and
1104 4265 1204 4330 placing
1225 4265 1320 4314 bonitas
1342 4264 1426 4313 before
1446 4264 1481 4312 le·

273 4351 429 4413 taliaagunt,
442 4347 591 4412 participare
608 4355 632 4396 et
649 4347 778 4396 contrariis
796 4347 851 4395 illo·
902 4347 1019 4409 nigrellus.
1053 4347 1087 4394 In
1103 4346 1208 4394 beatitate
1222 4345 1308 4394 stands
1325 4344 1363 4394 sor
1379 4346 1405 4393 ἐν
1421 4361 1481 4405 χρη-

273 4449 328 4482 rum
339 4447 403 4496 quae
418 4441 477 4480 tune
492 4430 651 4494 adpraesens
667 4445 740 4493 agere
754 4437 850 4493 perten-
901 4423 1009 4486 στότητι,
1024 4425 1101 4490 infra,
1116 4425 1182 4490 Eph.
1197 4425 1223 4475 ii.
1238 4437 1260 4486 7.

273 4511 352 4579 tunt.”
376 4513 406 4560 In
418 4511 457 4560 his
467 4511 578 4560 uerenda
589 4517 611 4560 e!
620 4510 761 4574 corrigenda
770 4510 849 4576 (Spic.
937 4525 974 4576 19.
1009 4507 1110 4567 inillis]
1128 4507 1218 4572 Comp.
1231 4523 1256 4572 p.
1272 4507 1311 4572 98,
1326 4505 1344 4555 l.
1361 4505 1396 4566 18,
1412 4513 1480 4556 note.
