3332 5210
271 400 315 463 94
603 395 830 490 rrruooonus
854 397 1145 447 MOPSUESTENUS
1361 383 1412 466 [V.
1434 400 1478 464 13.

337 561 464 632 tarrtnm
482 590 519 631 ne
534 561 712 632 libertatem
728 569 762 631 in
778 569 935 631 occasione
948 569 1059 631 carreis
1072 568 1162 630 detis.

337 709 420 765 ‘non
446 703 533 766 enim
562 713 612 767 est
637 705 760 766 iustum
785 703 974 768 libertatem
1001 723 1062 764 uos
1086 702 1177 765 abuti
1194 702 1235 764 ad
1254 703 1478 784 peccandum)

272 804 352 866 utile
380 816 492 869 autern
520 827 592 868 esse
619 807 761 879 uidetur,
790 814 827 867 ut
852 814 885 867 et
912 803 992 866 illud
1021 805 1152 866 dicatur
1181 805 1272 886 quod
1298 805 1408 868 dixit:
1442 806 1478 866 in

270 907 428 969 occasione
454 909 571 982 carries,
603 929 670 991 qua
701 908 830 971 ratione
861 907 942 969 illud
973 907 1085 989 posuit
1116 927 1176 989 pro
1208 907 1404 988 ‘peccare’;
1443 919 1477 970 et

241 1011 421 1095 5maxime
446 1023 583 1095 propter
608 1034 665 1076 eos
690 1014 747 1096 qui
779 1013 975 1076 existimant
1004 1011 1174 1074 'carnem'
1201 1012 1315 1074 multis
1338 1013 1372 1074 in
1395 1012 1477 1076 locis

272 1122 447 1194 peccatum
470 1115 514 1178 ab
537 1116 699 1198 scriptura
721 1109 893 1192 nominari,
918 1135 993 1186 cum
1015 1115 1127 1178 diuina
1149 1116 1318 1198 scriptura,
1336 1117 1479 1208 nomini-

273 1221 335 1281 bus
366 1219 456 1282 aliud
488 1221 568 1302 quid
600 1219 872 1302 significantibus,
910 1219 976 1281 alia
1013 1218 1106 1282 nullo
1144 1221 1177 1282 in
1209 1221 1283 1283 loco
1313 1220 1477 1284 nominari

273 1323 400 1403 patitur
413 1323 588 1400 absolute;
612 1325 670 1386 sed
688 1344 764 1387 cum
781 1323 927 1406 quadam
950 1325 1077 1387 ratione
1093 1325 1187 1390 abuti
1204 1325 1289 1388 solet
1306 1327 1476 1389 nominum

273 1427 507 1502 mutabilitate,
521 1427 606 1490 sicut
623 1436 656 1490 et
671 1426 734 1490 hoc
751 1427 784 1489 in
802 1427 875 1490 loco
892 1427 978 1490 fecit.
1018 1431 1168 1490 ‘carnem
1180 1427 1186 1450 ’
1199 1427 1286 1492 enim
1298 1430 1477 1511 apostolus,

221 1529 357 1596 rosicut
384 1528 416 1591 in
440 1528 553 1591 multis
577 1527 657 1591 locis
685 1530 902 1606 ostendimus,
929 1528 1012 1592 illud
1038 1531 1128 1612 quod
1157 1531 1341 1614 temporale
1368 1541 1418 1595 est
1444 1541 1478 1595 et

272 1633 412 1695 mortale
428 1642 462 1696 et
477 1631 618 1695 solubile
634 1633 705 1704 ‚scit
729 1653 857 1708 uocare,
875 1654 915 1696 eo
936 1633 1027 1715 quod
1049 1643 1082 1696 et
1098 1635 1206 1697 omnis
1227 1655 1303 1697 caro
1326 1634 1403 1698 talis
1419 1645 1477 1698 est.

272 1735 431 1815 quoniam
458 1755 536 1817 ergo
560 1735 710 1816 disputat
733 1744 765 1798 et
789 1737 831 1798 de
855 1737 1020 1816 praesenti
1044 1743 1132 1799 statu
1160 1746 1193 1799 et
1217 1737 1260 1799 de
1287 1736 1397 1799 futuro
1421 1737 1476 1817 qui

272 1855 331 1916 per
347 1835 516 1900 Christum
533 1837 713 1919 praestitus
729 1846 780 1900 est
798 1837 901 1900 nobis.
937 1847 988 1901 est
1004 1846 1116 1901 autem
1137 1839 1322 1904 inmortalis
1340 1839 1475 1920 quidem

272 1937 327 1999 ille
342 1946 459 2014 status,
476 1947 510 2002 et
526 1939 617 2002 omni
634 1949 774 2021 peccato
790 1939 894 2016 liber;
920 1939 1070 2003 mortalis
1095 1960 1173 2004 uero
1194 1943 1265 2016 iste,
1282 1950 1317 2005 et
1337 1950 1475 2025 peccato
1550 1929 1555 1934 ’

221 2052 255 2118 15
272 2041 499 2104 succumbens.
531 2061 591 2123 pro
608 2061 686 2123 ergo
703 2041 877 2123 ‘peccare’
894 2043 929 2105 in
951 2043 1163 2108 occasionibus
1178 2045 1289 2108 carnis
1304 2043 1424 2126 posuit,
1441 2052 1477 2104 ut

273 2141 363 2205 dicat
390 2145 548 2226 quoniam
574 2151 658 2207 ‘non
686 2147 844 2209 conuenit
868 2157 1005 2228 propter
1031 2147 1219 2210 libertatem
1246 2169 1312 2229 qua
1336 2147 1475 2229 praediti

272 2245 352 2307 estis
369 2245 432 2308 ista
448 2267 547 2328 agere
568 2267 655 2328 quae
671 2248 828 2311 mortales
848 2260 1039 2331 sequuntur.
1085 2249 1292 2332 diligentiam
1310 2271 1388 2312 uero
1406 2247 1475 2310 illo-

272 2367 344 2409 rum
372 2349 502 2412 debetis
529 2347 661 2424 habere,
693 2371 780 2432 quae
807 2352 908 2415 etiam
933 2352 1050 2417 decere
1085 2354 1180 2418 uobis
1207 2355 1416 2428 existimatis,
1437 2374 1476 2416 eo

272 2452 362 2532 quod
393 2461 427 2516 et
458 2454 491 2515 in
521 2474 580 2535 spe
609 2457 719 2517 uocati
755 2457 834 2519 estis
867 2457 1123 2534 inmortalitatis,
1156 2458 1188 2521 in
1219 2481 1285 2540 qua
1316 2467 1350 2522 et
1380 2478 1477 2520 uerae

217 2571 259 2618 20
272 2554 433 2619 libertatis
458 2557 748 2639 participationem
771 2557 920 2624 habetis)
965 2569 998 2624 et
1018 2565 1179 2643 quomam
1204 2564 1306 2627 modo
1329 2565 1476 2645 quodam

220 2743 223 2752 Ι
272 2662 472 2723 contrarium
500 2682 571 2723 esse
604 2662 788 2737 uidebatur,
817 2663 905 2744 quod
935 2673 968 2727 et
999 2665 1120 2728 liberos
1148 2687 1204 2729 eos
1232 2671 1304 2730 dsse
1334 2667 1475 2744 dicebat,

272 2775 305 2828 et
326 2767 370 2828 ab
390 2775 465 2829 actu
490 2775 580 2830 certo
604 2788 660 2829 eos
687 2767 899 2842 excludebat,
920 2768 984 2832 hoc
1010 2767 1152 2852 [autem]
1176 2780 1247 2832 erat
1271 2771 1389 2834 iterum
1413 2771 1477 2834 alia

272 2869 399 2931 ratione
421 2870 484 2932 sub
505 2867 578 2950 lege
599 2889 655 2932 eos
683 2869 818 2951 quidem
841 2872 1053 2949 constituere,
1078 2872 1168 2953 quod
1190 2893 1274 2956 opus
1307 2893 1476 2937 seruorum

272 2994 343 3036 csse
359 2974 533 3036 euidenter
548 2974 580 3038 in
597 2972 818 3055 superioribus
835 2975 905 3056 ip'se
922 2976 1174 3056 pronunciauit:

218 3159 255 3224 25
335 3139 393 3200 sed
396 3149 459 3220 per
471 3140 640 3203 caritatem
655 3139 774 3202 seruire
789 3139 931 3206 irnn'ccm.

322 3347 335 3380 r
354 3331 503 3382 libertateC
629 3331 658 3382 16
675 3349 749 3397 quam
764 3335 786 3382 C
796 3335 828 3382 H
844 3335 886 3396 [cl.
900 3352 924 3400 p.
942 3349 977 3398 17,
991 3337 1008 3384 l.
1024 3337 1059 3396 18,
1076 3353 1115 3386 vv.
1127 3339 1166 3399 ll]
1279 3351 1305 3399 ry
1323 3351 1439 3389 secuntur
1451 3330 1482 3388 Ι]

275 3411 303 3458 18
321 3411 439 3460 dicereC
449 3413 481 3460 II
575 3426 607 3461 co
623 3413 725 3477 quidam
738 3414 770 3462 l!
862 3431 891 3464 22
910 3425 1043 3466 autcmom
1058 3419 1079 3466 C
1089 3419 1122 3466 Il
1208 3434 1238 3481 ²4
1257 3421 1482 3484 praenuntiauitll

308 3602 327 3636 r.
366 3586 394 3634 ἐκ
405 3602 450 3634 occ.
462 3587 546 3634 curnis
556 3586 625 3647 ddr's]
650 3588 720 3636 Deris
732 3588 752 3636 is
761 3587 849 3637 doubt·
901 3592 956 3652 sln;
980 3592 1037 3641 thus
1060 3594 1091 3641 etr
1114 3591 1225 3655 ἀφορμὴν
1242 3593 1275 3654 τῇ
1293 3597 1363 3656 σαρκί
1381 3597 1473 3645 here:

272 3669 320 3717 less
331 3669 380 3718 due
392 3675 418 3717 to
434 3669 475 3717 the
492 3671 624 3718 translator
640 3686 669 3718 or
685 3670 724 3719 his
740 3671 849 3734 copyists
901 3676 933 3722 etr
949 3673 1140 3732 rtutuuproeu.
1176 3675 1301 3740 Compare
1312 3675 1351 3724 his
1362 3678 1477 3740 explana-

272 3773 320 3806 -n
339 3755 515 3806 reminiscence
533 3757 562 3806 ol
578 3759 620 3806 the
640 3757 728 3821 Vulg.;
753 3758 783 3807 cl.
807 3759 849 3808 the
900 3753 1148 3814 tionoicaprirdsin
1163 3757 1287 3806 Romuli.
1306 3772 1349 3818 14:
1368 3759 1420 3805 ἀντὶ
1437 3760 1479 3806 τοῦ

272 3838 370 3887 remark
382 3837 410 3886 ol
422 3839 447 3887 S.
460 3839 577 3902 Jerome:
598 3839 771 3887 “subauditur
780 3839 848 3898 «letis,
904 3831 1021 3892 ‘drucio’
1039 3836 1078 3882 καὶ
1096 3835 1142 3882 διὰ
1163 3837 1250 3884 τοῦτο
1268 3837 1363 3894 πολλὴν
1380 3839 1434 3898 περὶ
1450 3853 1479 3884 το

272 3920 340 3984 quod
357 3919 415 3983 quia
432 3919 457 3968 in
475 3921 572 3969 Graeco
588 3935 638 3968 ῃοῃ
653 3921 765 3980 habetur,
781 3922 848 3970 Lati.
901 3913 1045 3976 ἁμαρτάνειν
1057 3917 1120 3976 ἔχων
1129 3915 1213 3976 ῥοπήν.
1238 3917 1293 3965 The
1304 3917 1409 3967 allusion
1420 3933 1478 3982 may

272 4018 318 4052 nus
330 4001 412 4066 posuit
424 3999 571 4066 interpres.''
902 3994 933 4043 be
951 3994 1032 4059 partly
1052 4003 1078 4044 to
1098 3997 1139 4045 the
1159 3996 1330 4047 lllmrichaeans
1349 3998 1387 4060 (cs.
1410 4013 1435 4063 p.
1456 4013 1478 4058 5,

305 4096 327 4142 5.
370 4088 471 4145 propter
490 4097 527 4130 eos
553 4081 598 4145 qui
622 4082 771 4139 existimant,
794 4081 850 4143 δια]
901 4078 918 4124 l.
940 4092 976 4137 tt,
996 4077 1073 4138 nole),
1090 4079 1171 4142 partly
1188 4087 1215 4128 to
1234 4081 1277 4130 the
1293 4089 1434 4144 opponenls
1453 4080 1482 4128 ol

273 4164 311 4214 Cr'.
331 4181 356 4230 p.
374 4179 412 4226 35,
427 4163 443 4212 l.
461 4177 498 4222 ra,
518 4171 584 4222 note,
604 4163 642 4212 sor
658 4163 729 4214 Th.'s
745 4173 850 4214 account
902 4160 1023 4224 Pelagius,
1044 4160 1176 4224 especially
1194 4161 1265 4211 those
1282 4162 1340 4212 who
1359 4162 1417 4211 held
1437 4162 1478 4211 the

272 4245 301 4294 ol
317 4247 358 4295 the
378 4244 506 4309 scriptural
524 4261 579 4294 uses
595 4245 624 4293 ol
638 4246 719 4308 σάρξ.
754 4247 785 4294 ln
801 4247 850 4296 this
901 4241 1068 4305 Augustinian
1083 4243 1195 4292 doctrine
1211 4245 1240 4293 ol
1249 4244 1291 4294 the
1301 4245 1461 4307 caropeccnti.

272 4327 343 4392 place
354 4327 386 4376 he
401 4327 502 4390 regards
519 4326 561 4376 the
579 4325 646 4374 word
663 4341 691 4375 as
708 4326 849 4390 equivalent
933 4339 972 4384 ²4·
1003 4325 1031 4372 in
1042 4325 1214 4388 superabitur]
1228 4327 1276 4376 See
1287 4341 1309 4374 c.
1319 4327 1351 4374 ir.
1363 4341 1377 4388 3
1390 4327 1436 4375 ὑπὸ
1447 4329 1478 4376 τὰ

272 4420 299 4457 10
316 4409 331 4466 'l
349 4409 470 4467 Omrdrm,
485 4425 530 4458 our
543 4417 641 4474 present
659 4411 747 4458 morta}
766 4411 848 4458 condi.
900 4407 1011 4465 στοιχεῖα
1022 4408 1065 4454 Τοῦ
1076 4407 1166 4465 Κόσμον
1177 4405 1236 4467 ἦμεν
1253 4409 1478 4465 ὄεᾶονλωμένοιὶ

273 4491 333 4548 tion,
352 4491 445 4539 vlewerl
469 4509 495 4538 us
518 4491 560 4538 the
582 4489 674 4538 smitful
692 4491 805 4539 occasion
824 4491 853 4538 ol
900 4488 928 4533 ili.
949 4501 964 4550 9
982 4488 1057 4535 πάλιν
1075 4489 1163 4536 ἀνωθεν
1180 4487 1328 4536 δουλεύειν
1346 4491 1436 4538 θέλετε.
