3340 5232
175 365 345 452 1.15‚16.]
537 385 578 433 ru
604 385 655 436 ne.
680 386 730 435 nn
755 386 1023 438 rnrurmnnsns.
1317 385 1381 452 207

174 537 265 634 quod
285 575 372 620 nunc
388 575 432 619 ex
448 557 688 622 consuetudine
707 555 904 640 ‘palatium'
920 559 1139 623 nominamus.
1183 556 1283 640 †hoc
1301 576 1381 638 ergo

173 655 280 720 dixit:
304 657 396 722 ‘uolo
417 680 478 723 uos
493 658 628 744 (inquit)
644 661 735 737 scire,
751 681 791 724 eo
809 661 900 743 quod
916 661 973 726 illa
989 683 1075 745 quae
1095 661 1267 726 doctrinae
1286 680 1381 723 meae

173 767 251 822 sunt
274 759 307 825 in
330 763 469 845 singulis
492 764 610 826 diebus
633 765 836 828 incrementa
859 765 1034 849 accipiunt.
1080 786 1159 830 nam
1184 767 1315 829 uinctus
1336 767 1380 830 ad

173 866 324 930 omnium
351 869 503 931 notitiam
531 870 675 951 perueni,
706 869 860 932 inductus
890 869 1082 933 defensione
1109 890 1185 934 mea
1211 869 1323 946 adfui;
1346 879 1379 934 et

173 967 220 1030 sic
247 968 290 1032 ab
315 970 405 1032 omni
436 970 583 1053 periculo
613 970 780 1048 liberatus
805 979 844 1033 ut
870 972 966 1034 multi
991 970 1106 1035 fideles
1136 972 1293 1035 docerent
1323 971 1379 1035 illa
1417 972 1431 1039 5

172 1093 258 1154 quae
281 1073 416 1155 pietatis
440 1084 526 1152 sunt,
549 1095 593 1138 ex
618 1074 682 1138 illis
706 1094 792 1157 quae
818 1095 897 1157 erga
927 1094 981 1138 me
1006 1073 1196 1140 factasunt
1222 1074 1378 1140 fiduciam

172 1174 415 1258 accipientes’*

236 1327 370 1407 quidam
393 1327 521 1409 quidem
544 1337 575 1392 ct
590 1339 724 1410 propter
749 1328 912 1392 inm'diam
933 1339 965 1392 et
985 1330 1219 1408 contentionem,
1244 1331 1378 1413 quidam

171 1449 246 1492 uero
259 1439 291 1492 et
295 1438 428 1511 propter
442 1431 557 1494 bonum
564 1431 724 1512 placitum
742 1430 908 1495 Christum
923 1431 1131 1495 adnuntiant.

238 1563 271 1617 et
292 1553 390 1618 latius
413 1554 602 1638 significans
623 1557 703 1638 quid
725 1555 775 1634 sit,
795 1556 885 1638 quod
904 1557 1048 1622 dixerit:
1063 1567 1196 1639 propter
1215 1556 1377 1621 inuidiam
1396 1560 1435 1608 10

171 1665 202 1718 ct
215 1657 447 1734 contentionem,
463 1657 585 1720 adicit:

235 1792 299 1855 alii
317 1792 445 1874 quidem
470 1814 509 1856 ex
530 1794 723 1859 contentione
746 1793 914 1860 Christum
934 1793 1142 1872 adruentiam,
1165 1815 1228 1858 non
1251 1793 1378 1875 sincere,

167 1893 388 1958 aestimantes
401 1895 640 1960 tribulationem
657 1896 780 1978 inferre
795 1895 934 1960 m'nculis
948 1895 1035 1960 meis.

237 2013 392 2095 ‘quidam
417 2012 550 2096 (inquit)
580 2015 766 2078 inuidentes
795 2015 894 2078 rebus
917 2013 1003 2077 bene
1030 2033 1109 2096 erga
1131 2033 1186 2076 me
1207 2014 1319 2096 gestis,
1343 2025 1377 2078 et

169 2119 327 2204 quoniam
349 2117 430 2182 nihil
450 2119 528 2182 mali
549 2140 666 2201 passus
686 2138 760 2181 sum
784 2119 938 2185 inductus
960 2125 1039 2180 ante
1061 2117 1241 2194 Neronem,
1261 2118 1322 2181 sed
1342 2128 1377 2183 et
1395 2135 1430 2203 15

169 2221 226 2286 illa
249 2241 336 2303 quae
360 2240 439 2303 erga
465 2240 519 2284 me
542 2220 675 2283 fuerunt
698 2221 832 2284 edicens
854 2217 939 2282 solui
961 2217 1006 2281 ab
1027 2238 1068 2281 eo
1088 2218 1275 2300 promerui;
1298 2239 1375 2283 con·

168 2333 221 2390 tra
247 2345 301 2388 me
325 2343 420 2388 suam
445 2325 693 2387 contentionem
719 2330 914 2386 exercentes
939 2321 1134 2396 discurrunt,
1158 2340 1226 2384 non
1256 2321 1377 2387 fiducia

167 2427 280 2510 aliqua
303 2426 338 2490 id
365 2435 510 2509 agentes,
535 2426 593 2489 sed
615 2425 764 2507 nequitia
792 2423 842 2506 (ut
872 2423 920 2486 ita
946 2421 1103 2506 dixerim)
1132 2421 1267 2504 pietatis
1293 2422 1376 2506 dog-

233 2595 328 2658 τοῦτο
348 2588 403 2657 οὖν
421 2588 518 2672 λέγει,
534 2587 585 2655 ὅτι
607 2587 789 2670 ’βούλομαι
811 2587 891 2669 ὑμᾶς
913 2587 1035 2668 εἰδέναι,
1057 2587 1099 2660 ὥς
1119 2587 1161 2654 τὰ
1186 2592 1245 2671 τῆς
1262 2588 1376 2655 διδασ-

167 2695 283 2766 καλίας
299 2693 457 2780 ὁσημέραι
470 2690 650 2780 προκόπτει
664 2694 721 2774 τῆς
733 2691 816 2773 ε’μῆς·
832 2689 929 2772 δῆλος
940 2691 1003 2778 γὰρ
1019 2692 1075 2758 ἐπὶ
1089 2696 1157 2762 τοῖς
1168 2691 1299 2774 δεσμοῖς
1313 2720 1375 2775 μου
1389 2718 1432 2764 20

166 2797 294 2864 dunum
309 2799 470 2883 ἐγενόμην,
483 2799 535 2862 καὶ
552 2794 717 2885 εἰσαχθεὶς
727 2795 803 2879 περὶ
818 2795 968 2861 τῶνκαθ’
980 2795 1094 2861 ἑαυτὸν
1109 2793 1375 2879 ἀπελογησάμην,

167 2901 222 2969 nal
242 2901 340 2974 οὕτως
360 2900 539 2984 ἀπήλλαξα
557 2897 728 2969 ἀκινδύνως
744 2895 829 2963 ὥστε
843 2895 990 2969 πολλοὺς
1005 2901 1071 2964 τῶν
1085 2897 1276 2980 ὁμοπίστοιν
1290 2895 1375 2962 dedd-

168 3029 260 3072 ouem
273 3003 315 3070 τὰ
331 3007 387 3088 τῆς
402 3001 568 3082 εὐσεβείας
583 2999 649 3066 ἀπὸ
665 3002 729 3066 τῶν
744 2997 813 3065 κατ’
830 2997 887 3081 ἐμὲ
902 2997 962 3082 τὴν
977 2997 1166 3087 ποῤῥησίον
1181 2997 1375 3084 εἰληφότος.’

218 3177 287 3212 rnos
300 3159 442 3227 (fornunc)
456 3161 489 3210 H
598 3157 846 3222 3incrementumC
948 3155 1139 3223 4peruenitrl
1154 3157 1213 3207 affui
1227 3159 1380 3221 C(corr)H

168 3257 182 3308 5
200 3260 256 3295 cum
268 3244 360 3295 fiducia
371 3244 420 3309 (ast
431 3242 526 3305 fideles)
538 3243 590 3291 add
600 3242 622 3292 C
735 3243 764 3290 18
781 3239 915 3304 impietatis
929 3239 994 3290 CH
1000 3257 1016 3288 r

167 3399 242 3448 Thdt.
255 3399 335 3448 shews
347 3397 400 3447 that
417 3395 538 3460 “though
554 3395 614 3459 they
629 3393 744 3444 assumed
795 3392 884 3456 Chrys.
898 3393 950 3442 and
966 3393 1053 3453 Thdt.,
1071 3392 1167 3457 though
1183 3393 1231 3442 alii
1245 3392 1375 3457 qm'dem-

166 3477 209 3527 the
220 3479 289 3527 word
301 3485 366 3528 must
379 3476 441 3526 have
452 3475 503 3525 had
520 3475 569 3525 this
585 3475 702 3539 meaning
718 3483 743 3524 at
794 3477 894 3540 quidam
906 3477 1001 3540 quidem
1014 3477 1097 3540 points
1106 3484 1132 3525 to
1141 3490 1210 3525 some
1218 3474 1375 3540 uncertainty

166 3575 200 3609 an
217 3559 304 3609 earlier
322 3559 388 3619 date,
410 3558 429 3607 it
448 3573 500 3606 was
519 3556 639 3620 certainly
653 3563 698 3605 not
715 3571 743 3605 so
793 3557 820 3606 in
838 3557 881 3606 the
897 3559 967 3607 mind
982 3558 1012 3607 os
1027 3557 1070 3607 the
1089 3557 1229 3617 translator,
1247 3556 1304 3606 who
1322 3573 1374 3606 was

166 3639 240 3690 when
251 3641 311 3704 they
322 3637 424 3689 wrote.”
457 3638 513 3688 The
528 3638 562 3703 pl.
577 3639 649 3703 regiis
664 3653 744 3688 seems
794 3638 922 3688 doubtless
949 3638 1108 3688 accustomed
1136 3645 1162 3688 to
1191 3637 1235 3687 the
1268 3637 1373 3702 original

167 3728 192 3770 to
204 3721 236 3770 be
247 3737 279 3770 an
290 3720 413 3770 imitation
425 3719 455 3768 oi
468 3719 510 3770 the
526 3719 575 3770 Gk.
591 3721 627 3781 (ἐν
644 3720 693 3780 ὅλῳ
710 3719 745 3780 τῷ
795 3719 874 3769 order.

166 3820 217 3866 πμ,
229 3803 268 3851 ua
278 3805 347 3863 είπη·
362 3803 388 3850 ἐν
402 3804 451 3851 τοῖς
466 3801 633 3864 βασιλείοις).
670 3801 743 3850 Circa
829 3803 867 3850 18.
882 3798 992 3866 nequitia
1003 3807 1032 3848 ut
1041 3801 1077 3848 ita
1088 3801 1192 3850 dixerim
1198 3799 1304 3864 pietata's,
1316 3797 1373 3862 dra]

164 3897 228 3942 eum,
242 3883 285 3932 i.e.
301 3886 317 3909 “
326 3882 392 3931 circa
408 3882 540 3931 Caesarem
548 3879 562 3904 ''
575 3879 683 3946 Uacobi)
690 3898 698 3942 ς
715 3897 744 3930 or
793 3881 849 3930 'l'he
860 3881 952 3930 scribes
964 3881 1015 3944 (see
1026 3897 1066 3930 vv.
1078 3881 1117 3944 lt.)
1126 3881 1191 3931 have
1202 3881 1319 3946 repeated
1330 3881 1373 3931 the

165 3964 276 4029 possibly
286 3980 342 4012 eum
353 3963 374 4012 is
385 3979 417 4012 an
429 3977 496 4012 error
507 3963 546 4012 ior
555 3978 590 4011 ea.
793 3962 842 4012 last
852 3970 903 4012 two
915 3962 1000 4013 letters
1010 3962 1040 4012 oi
1052 3964 1156 4012 dixerim
1169 3961 1253 4012 before
1262 3963 1370 4026 pi'etatis,

201 4061 238 4109 ¹3·
260 4045 441 4094 tribulationem
457 4043 561 4108 inferre]
593 4043 676 4107 θλίψιν
691 4044 742 4093 ἐτι·
794 4045 852 4095 thus
863 4045 1007 4110 destroying
1023 4045 1065 4094 the
1082 4045 1200 4110 paradox.
1236 4043 1304 4094 That
1320 4045 1369 4096 Th.

164 4127 253 4188 φέρειν.
283 4125 417 4189 SoChrys
433 4123 570 4174 andThdt.
601 4124 656 4174 The
669 4125 743 4174 Latin
793 4135 871 4178 wrote
884 4129 926 4188 τῆς
935 4127 1167 4190 εὐσεβείαςίεείεοε
1175 4126 1239 4175 from
1251 4125 1293 4175 the
1304 4141 1372 4175 com-

163 4210 308 4280 authorities
319 4215 444 4273 represent
456 4207 498 4258 the
509 4207 613 4271 reading
629 4209 668 4256 u.
680 4209 742 4270 ἐγεί·
792 4219 861 4260 ment
870 4210 951 4259 below
961 4207 994 4274 (p.
1003 4223 1058 4275 ²09·
1068 4208 1085 4256 l.
1094 4223 1116 4270 3,
1128 4209 1187 4258 &cn
1198 4208 1254 4257 “de
1263 4207 1312 4257 illis
1323 4208 1373 4259 hoc

162 4309 220 4354 ρειν.
254 4292 279 4341 It
296 4290 348 4340 will
365 4291 396 4340 be
408 4289 529 4340 observed
542 4288 595 4339 that
606 4305 688 4339 verses
703 4289 739 4350 16,
793 4289 819 4338 in
829 4289 886 4338 loeo
895 4289 1037 4354 loquentem
1049 4287 1092 4353 qui
1103 4304 1191 4337 sanam
1202 4288 1304 4352 quidem
1313 4287 1371 4340 doc·

168 4386 196 4437 ιγ
214 4376 247 4435 (ol
262 4375 306 4433 μὲν
321 4375 348 4434 ἐξ
364 4373 517 4435 ἁγίπης...οί
534 4373 559 4432 ἐξ
574 4372 685 4432 ἐριθείας)
701 4387 743 4421 are
793 4372 883 4421 trinam
895 4369 1084 4435 doceat‚''&c.).
1108 4371 1146 4421 Ci.
1159 4371 1249 4435 Chrys.
1259 4369 1333 4435 (hom.
1343 4371 1372 4420 in

164 4457 310 4520 transposed
327 4456 353 4504 in
370 4453 440 4504 Th’s
457 4459 516 4514 text,
534 4468 561 4502 as
578 4452 636 4517 they
651 4469 693 4502 are
709 4453 743 4517 by
794 4452 886 4502 Phili.
897 4455 933 4503 18.
961 4453 1048 4518 Migne
1058 4465 1098 4516 5¹,
1109 4450 1177 4517 3r8lz
1193 4455 1221 4501 ot
1231 4453 1308 4500 τοίνυν
1319 4453 1372 4502 τοῦ·
