3340 5232
173 390 197 452 1.
218 389 364 473 12-14.]
536 403 578 453 ιν
602 403 655 454 ες.
679 401 729 452 nu
755 394 1025 454 PHILIPPENSES.
1320 405 1380 470 205

170 574 335 658 siquidem
367 584 520 660 sumptus
548 575 676 639 misisse
697 575 874 652 uidentur;
902 575 1122 640 conueniebat
1146 577 1235 640 enim
1260 576 1383 641 talibus

171 687 205 743 et
222 677 278 742 illa
297 699 384 761 quae
406 678 590 742 secundum
606 698 642 741 se
658 686 752 741 erant
772 687 852 740 nota
869 677 985 755 iacere,
1008 677 1174 761 simulque
1195 689 1229 743 et
1244 678 1288 742 ad
1305 679 1383 743 doc-

171 782 294 845 trinam
314 780 379 845 illis
401 781 560 865 proficere
581 787 744 864 poterant.
790 800 869 842 nam
887 781 966 863 quia
985 779 1048 844 sub
1070 789 1161 846 arcta
1180 791 1251 846 erat
1271 803 1382 847 neces-

172 881 271 946 sitate
295 882 467 965 apostolus
491 883 626 964 pietatis
653 881 944 963 contemplatione,
968 882 1134 946 sufficiens
1157 892 1228 947 erat
1255 884 1383 946 erudire

173 982 246 1046 illos
267 984 338 1046 eius
354 984 542 1046 imitatione
561 985 662 1047 etiam
679 983 833 1066 grauiora
856 983 997 1047 tolerare
1013 1005 1074 1066 pro
1090 985 1222 1049 uirtute.
1269 985 1383 1068 incipit
1421 985 1436 1050 5

173 1103 254 1147 uero
277 1104 342 1146 sic:

237 1235 318 1298 scire
338 1246 446 1299 autem
471 1257 528 1299 uos
545 1236 622 1312 uolo,
640 1235 779 1318 fratres,
803 1235 957 1318 quoniam
978 1257 1016 1300 ea
1037 1258 1118 1319 quae
1136 1259 1215 1321 erga
1237 1259 1288 1301 me
1308 1249 1387 1303 sunt

173 1339 282 1421 magis
305 1338 354 1402 ad
370 1339 552 1421 profectum
582 1339 744 1422 euangelii
764 1350 989 1420 perrrenerunt,
1017 1341 1066 1405 ita
1089 1352 1128 1406 ut
1155 1343 1284 1406 uincula
1315 1363 1385 1404 mea

173 1439 350 1521 manifesta
374 1439 410 1503 in
438 1440 565 1505 chroro
577 1440 699 1523 fierent
720 1441 755 1504 ιίι
779 1451 841 1505 toto
858 1441 1024 1523 praetorio
1046 1452 1078 1506 et
1097 1444 1209 1507 ceteris
1229 1444 1383 1519 omnibus,

173 1552 205 1606 et
210 1541 324 1624 plures
329 1542 486 1625 fratrum
502 1542 537 1606 in
552 1542 695 1606 Domino
709 1544 899 1627 confidentes
912 1546 1053 1610 uinculis
1067 1547 1147 1609 meis
1164 1545 1386 1611 abundantius
1401 1553 1440 1600 10

173 1645 331 1710 auderent
343 1645 412 1724 sine
427 1646 542 1709 timore
556 1647 689 1710 uerbum
704 1647 798 1729 loqui.

240 1786 385 1870 †beatus
416 1787 538 1852 Paulus
568 1788 742 1871 adpellans
781 1790 919 1854 Festum
951 1812 991 1855 eo
1021 1792 1112 1875 quod
1147 1791 1282 1858 uolebat
1306 1815 1383 1859 eum

176 1890 310 1956 ludaeis
333 1892 473 1967 tradere,
494 1901 528 1955 et
548 1891 722 1974 postulans
745 1913 781 1956 se
805 1893 893 1956 mitti
919 1896 962 1958 ad
988 1894 1175 1972 Caesarem,
1193 1896 1311 1962 ductus
1334 1907 1384 1962 est

174 1997 209 2060 in
239 1994 379 2059 uinculis
406 1997 545 2060 Romae.
595 1993 750 2060 inductus
780 2017 859 2059 uero
889 2005 969 2061 ante
1001 1997 1179 2074 Neronem,
1207 2009 1241 2064 et
1271 1999 1384 2064 deien-

174 2101 303 2165 sionem
326 2101 376 2165 sui
399 2099 531 2176 iaciens,
554 2099 689 2164 biennio
714 2098 771 2163 illo
800 2101 1005 2180 demoratus,
1032 2101 1217 2183 plenariam
1241 2103 1383 2187 adeptus
1401 2129 1437 2198 13

177 2213 228 2268 est
251 2202 493 2268 securitatem*
540 2205 616 2267 ideo
643 2211 677 2266 et
700 2203 733 2266 in
756 2201 969 2267 secunda-ad
993 2203 1209 2268 Timotheum
1233 2207 1383 2289 epistola,

176 2326 278 2388 quam
301 2327 321 2370 a
345 2306 456 2369 Roma
478 2305 521 2369 ad
543 2323 619 2369 eum
639 2305 778 2387 scripsit,
798 2325 865 2368 non
886 2313 966 2368 tunc
986 2307 1122 2388 quando
1141 2315 1174 2370 et
1195 2309 1237 2371 ad
1261 2307 1385 2392 Philip-

176 2428 296 2490 penses
318 2407 652 2473 scribebat—etenim
676 2416 755 2471 tunc
775 2427 852 2470 cum
883 2407 957 2488 ipso
980 2409 1022 2471 ad
1051 2405 1125 2472 illos
1151 2410 1384 2492 scripsit-sed

176 2514 322 2577 secunda
348 2513 429 2591 uice,
456 2513 592 2594 quando
622 2511 689 2574 illic
716 2511 826 2594 capite
854 2519 905 2574 est
935 2513 1082 2593 punitus,
1106 2513 1253 2577 scribens
1283 2514 1385 2578 dicit:

240 2733 258 2800 ὁ
278 2732 435 2819 μακάριος
459 2733 595 2802 Παῦλος
612 2731 722 2816 ἐφέσει
742 2732 829 2797 κατὰ
847 2734 905 2798 τοῦ
925 2731 1061 2813 Φήστου
1081 2735 1285 2820 χρησάμενος
1307 2735 1384 2812 βου·
1398 2762 1441 2810 20

175 2835 331 2917 ληθέντος
345 2834 440 2900 αὐτὸν
454 2833 621 2905 Ἰουδαίοις
636 2834 790 2912 ἐκδοῦναι,
806 2835 863 2901 καὶ
878 2833 932 2900 διὰ
946 2839 1041 2902 τοῦτο
1056 2837 1211 2922 Καίσαρα
1233 2837 1385 2903 ἐπικαλε-

176 2940 324 3024 σάμενος,
347 2934 474 3025 ἀνήχθη
495 2934 625 3017 δέσμιος
642 2935 687 3006 εἷς
708 2935 768 3018 τὴν
780 2935 919 3020 Ῥώμην·
943 2937 1111 3026 εἰσαχθεὶς
1126 2937 1161 3004 δὲ
1187 2941 1234 3026 τῷ
1256 2937 1385 3024 Νέρωνι

175 3041 231 3106 καὶ
255 3039 337 3122 ὑπὲρ
366 3039 432 3103 τῶν
461 3036 535 3103 καθ’
559 3036 673 3103 ἑαυτὸν
695 3035 991 3122 ἀπολογησάμενος
1014 3038 1101 3122 διετῆ
1123 3039 1244 3128 χρόνον
1269 3040 1386 3109 αὐτόθι

176 3142 350 3229 διέτριψεν,
365 3146 545 3212 παντελοῦς
556 3141 740 3231 τετυχηκὼς
754 3146 811 3224 τῆς
827 3142 983 3230 ἀφέσεως.

225 3341 327 3398 3erant
341 3333 376 3384 θ’
389 3351 406 3383 r
486 3334 756 3401 4contemplationem
771 3339 837 3387 CH
842 3355 858 3388 r
939 3339 1137 3402 similationem
1151 3343 1199 3392 Cr
1288 3357 1317 3405 14
1335 3342 1385 3391 Ro·

177 3432 271 3466 momr
338 3428 366 3478 17
383 3417 416 3467 ad
428 3417 481 3480 (bes
487 3417 609 3483 Philipp.)
621 3420 704 3468 omH
734 3419 962 3486 Philippensibusr
1027 3438 1059 3474 ιο
1075 3423 1386 3488 sq.Coisl.204.i.113a

177 3498 232 3560 [Cr.
243 3499 276 3548 vi.
289 3499 344 3563 238,
357 3499 400 3548 Fr.
416 3498 472 3560 ¹3⁸]
506 3499 630 3562 θεοδώρον.
665 3500 739 3550 ἄλλοι
750 3503 832 3561 φησίν·
850 3503 930 3564 δμακ.
945 3505 988 3566 Π.,
1003 3508 1074 3554 nuh.
1233 3524 1265 3570 ²4
1281 3509 1387 3569 ἐφέσεως

176 3581 245 3630 edd.:
263 3580 368 3630 txtcod.

176 3753 267 3805 rursus,
281 3743 402 3808 although
413 3746 445 3795 he
457 3745 532 3796 refers
543 3753 570 3796 to
586 3746 655 3796 Tert.
674 3749 753 3797 anim.
807 3758 907 3816 present
918 3752 961 3802 the
972 3767 1040 3802 same
1051 3751 1161 3817 reading.

177 3828 193 3878 ¹·
209 3843 230 3876 0·
844 3849 881 3883 n.
910 3834 1037 3898 adpellans
1054 3832 1163 3894 Festum]
1196 3831 1243 3883 See
1255 3850 1280 3898 p.
1298 3833 1352 3894 116,
1366 3834 1383 3884 l.

209 3927 233 3970 4.
269 3906 368 3972 pietatis
389 3907 596 3972 contemplatione]
629 3903 672 3966 τῆς
691 3907 758 3956 eice·
812 3909 930 3968 16,n0te,

176 3989 342 4053 βεέιῑεένειιεν.
365 3987 406 4037 Cf.
419 3987 497 4051 infra,
510 4003 544 4038 on
558 4005 568 4038 Ι
583 3989 648 4039 Tim.
664 3991 696 4040 vl.
713 4003 757 4046 υς
845 4007 881 4060 19.
914 3994 1020 4044 smmda
1042 3992 1106 4058 uice]
1145 3995 1251 4060 Jacobi:
1280 3999 1297 4024 ‘⁸
1305 3996 1382 4056 uides,

179 4074 283 4134 ssim,
297 4090 351 4138 urg.
809 4075 969 4125 Theodorum
992 4075 1056 4127 inter
1074 4091 1118 4126 eos
1136 4091 1198 4137 esse,
1220 4077 1262 4141 qui
1282 4077 1386 4128 Paulum

212 4169 234 4219 7.
275 4171 375 4220 eaquae
383 4171 440 4220 erga
452 4156 569 4218 metunt]
600 4157 632 4206 τὰ
645 4151 695 4205 κατ’
707 4157 758 4216 ἐμέ.
810 4154 915 4204 uinculis
925 4155 1041 4215 solutum,
1054 4165 1140 4220 postea
1149 4173 1208 4208 uero
1220 4158 1387 4210 iteruminea

178 4236 264 4301 vulg..
286 4237 460 4300 “quaecirca
479 4252 521 4286 me
538 4235 622 4286 sunt.”
656 4235 698 4286 On
714 4251 760 4285 our
811 4237 950 4286 coniectum
973 4245 997 4287 et
1020 4239 1168 4288 trucidatum
1189 4239 1262 4289 luisse
1284 4240 1387 4305 opinen-

178 4319 332 4371 translator’s
341 4335 385 4370 use
393 4319 423 4370 os
429 4335 486 4383 erga
495 4335 537 4370 see
546 4335 571 4384 p.
581 4335 604 4381 n,
612 4321 631 4370 1.
642 4337 681 4385 ιη,
693 4330 759 4372 note·
812 4317 877 4367 tur.'’
910 4319 958 4369 Th.
971 4335 1098 4385 expresses
1109 4321 1151 4371 the
1162 4337 1230 4396 same
1243 4323 1345 4387 opinion
1362 4323 1388 4374 in

215 4419 251 4456 ιι.
278 4405 379 4454 uerbum
394 4403 475 4468 loqui]
508 4403 544 4454 So
561 4403 679 4468 Ziegler's
697 4404 761 4469 frag·
813 4400 856 4449 the
872 4415 923 4464 arg.
942 4408 969 4451 to
986 4401 1125 4467 Ephesians
1142 4405 1237 4467 (supra,
1257 4420 1283 4468 p.
1303 4403 1388 4464 116,1,

180 4499 268 4539 ments.
312 4489 402 4552 Chrys.
422 4489 458 4538 ad
472 4489 497 4538 i.
520 4489 547 4549 t,
567 4489 653 4548 indu,
676 4489 761 4544 Dum,
816 4495 852 4544 15,
867 4498 916 4546 squ
933 4498 974 4532 see
986 4493 1057 4532 notes
1069 4483 1157 4546 there).
