3340 5232
174 405 232 470 v1.
249 419 300 486 23,
316 403 378 489 ²4]
590 416 630 467 ru
655 417 989 500 samaritanos.
1204 423 1210 436 ·
1317 419 1374 486 τος

239 589 397 670 ‘eoquod
414 586 471 651 illa
485 569 572 669 quae
586 589 769 652 secundum
785 608 840 652 me
860 597 937 652 sunt
960 589 1073 652 omnia
1095 588 1190 652 uobis
1210 587 1378 670 Tychicus

174 698 256 752 nota
281 688 388 766 faciet,
410 689 466 771 qui
487 699 539 752 est
565 688 671 753 fidelis
698 691 850 754 minister
876 689 1008 766 Christi,
1039 689 1140 753 frater
1163 710 1242 754 uero
1267 700 1380 752 noster

174 791 331 868 dilectus;
356 811 455 872 quem
476 802 612 874 propter
635 792 698 856 hoc
724 794 807 866 misi,
827 801 865 856 ut
883 803 964 856 nota
982 792 1077 855 uobis
1097 793 1198 856 faciat
1218 792 1274 855 illa
1294 811 1379 873 quae

174 892 261 955 circa
276 913 337 955 nos
353 901 430 957 sunt
446 903 480 956 et
494 894 683 959 consoletur
698 891 758 957 uo‘s
774 895 844 986 suis
858 894 1081 958 sermonibus?

231 1039 304 1111 pax
317 1029 490 1112 fratribus
508 1039 540 1093 et
555 1031 675 1095 can'tas
693 1052 765 1095 cum
775 1031 846 1114 fide
864 1051 886 1093 a
906 1030 974 1094 Deo
992 1031 1096 1094 Patre
1115 1041 1146 1094 et
1164 1029 1292 1094 domino
1306 1029 1380 1093 Iesu
1418 1044 1432 1110 5

176 1131 313 1199 Christe.

241 1256 406 1329 exoptans
421 1267 539 1329 pacem
556 1257 589 1311 et
604 1247 777 1311 caritatem
793 1247 948 1310 iratribus
963 1269 1039 1310 cum
1056 1247 1122 1310 fide
1145 1268 1165 1310 a
1186 1245 1261 1311 Deo
1284 1247 1380 1311 Patre

66 1387 69 1392 ·
174 1361 208 1416 et
223 1352 360 1414 domino
377 1351 453 1414 Iesu
470 1350 611 1416 Christo.
656 1353 747 1415 omni
773 1352 861 1414 enim
886 1349 960 1413 loco
984 1353 1114 1415 uidetur
1141 1352 1290 1433 plurimis
1315 1372 1380 1414 ser-

176 1455 330 1518 monibus
346 1454 447 1518 fuisse
464 1456 587 1519 abusus
603 1456 645 1518 de
661 1457 805 1530 caritate,
823 1475 862 1517 eo
878 1456 967 1536 quod
984 1465 1017 1520 et
1033 1457 1182 1520 maxime
1197 1457 1381 1519 necessaria
1424 1531 1426 1534 .

174 1561 218 1622 sit
234 1561 275 1623 ad
292 1561 451 1623 uirtutum
468 1543 756 1641 incorruptionem.
794 1558 934 1622 adiecit:
1400 1567 1437 1614 10

233 1697 352 1778 gratia
380 1718 452 1760 cum
481 1697 628 1760 ornatibus
656 1696 714 1778 qui
741 1695 888 1777 diligunt
910 1693 1080 1792 dominura
1102 1703 1247 1758 ιιοεινιιιιι
1273 1694 1381 1758 Iesum

178 1799 353 1877 Christum,
368 1810 401 1864 ct
412 1811 496 1863 caste
509 1808 748 1863 conuersantur.

241 1925 305 1988 hoc
321 1934 379 2000 est,
396 1922 433 2006 †‘
443 1926 598 1988 omnibus
613 1925 701 1987 adsit
717 1924 782 1987 Dei
798 1924 913 2005 gratia,
928 1925 985 2006 qui
1000 1923 1144 2006 diligunt
1160 1923 1383 1996 Christumet

177 2035 268 2090 caste
283 2026 536 2091 conuersantur!
581 2025 713 2089 uidetur
728 2036 840 2090 autem
857 2047 924 2089 non
945 2027 1072 2090 dixisse
1087 2027 1269 2090 secundum
1287 2046 1380 2089 suam

176 2132 450 2195 consuetudinem
471 2130 588 2214 gratia
619 2129 807 2205 arabonam,-
848 2132 906 2194 sed
933 2129 1084 2195 absolute
1113 2127 1434 2215 [curnomnibus]15
1465 2175 1472 2184 .

176 2235 235 2317 qui
247 2235 393 2316 diligunt
408 2234 589 2298 Dominum
605 2233 640 2296 ιἰι
656 2233 896 2314 incorruptione,
914 2235 960 2299 ita
976 2245 1013 2298 ut
1028 2236 1148 2299 doceat
1168 2256 1225 2298 eos
1241 2234 1380 2299 multam

177 2337 271 2400 istius
292 2337 337 2400 rei
358 2336 465 2400 facere
481 2335 705 2417 diligentiam3
727 2338 820 2419 quasi
842 2336 887 2399 illi
909 2337 965 2419 qui
989 2336 1072 2401 tales
1093 2347 1171 2401 sunt
1192 2338 1334 2420 gratiam
1361 2357 1382 2400 a

178 2437 252 2502 Deo
268 2439 444 2522 plurimam
460 2437 581 2521 perfrui
597 2437 763 2519 possent*
772 2438 873 2502 talem
886 2439 1019 2521 qualem
1032 2449 1065 2504 et
1077 2460 1156 2522 erga
1172 2441 1283 2503 Deum
1299 2439 1382 2502 cari-

242 2619 366 2683 ’πᾶσιν
382 2615 418 2682 δὲ
430 2617 573 2705 προσείη
585 2621 641 2684 τοῦ
657 2617 730 2684 θεοῦ
745 2619 765 2700 ἦ
782 2618 879 2708 χάρις
895 2625 960 2690 τοῖς
975 2618 1151 2704 ἀγαπῶσιν
1166 2618 1222 2684 τὸν
1236 2615 1382 2704 Χριστὸν

177 2719 233 2784 καὶ
256 2720 290 2785 ἐν
311 2718 483 2807 ἀφθαρσίᾳ
502 2720 779 2800 πολιτευομένοις]
824 2722 925 2789 ἔοικεν
949 2721 983 2788 δὲ
1005 2723 1050 2805 μὴ
1074 2720 1233 2809 εἰρηκέναι
1258 2723 1275 2784 si
1302 2723 1381 2807 χάριο
1397 2743 1439 2790 20

177 2824 244 2889 Μεθ’
261 2827 351 2900 tuda
379 2824 531 2904 συνηθῶς·
563 2821 639 2889 ἀλλ’
663 2823 778 2895 aanor
804 2825 895 2910 [υετά
919 2826 1063 2910 πάντων]
1092 2827 1158 2891 τῶν
1184 2824 1381 2898 isanbertus

155 2913 233 2992 Ιτότι
263 2931 362 3012 κγ’ριοα
387 2927 422 2991 ἐκ
446 2925 602 3013 ἀφθαρσίᾳ·
633 2926 689 2992 ἐπὶ
711 2929 757 3013 τῷ
781 2926 957 2993 παιδεῦσαι
979 2926 1092 2998 αὐτοὺς
1113 2925 1245 3006 πολλὴν
1268 2924 1384 2990 τούτου

176 3029 343 3097 ποιεῖσθαι
364 3029 425 3110 τὴν
447 3029 641 3110 ἐπιμελειαυ,
669 3027 711 3099 ἀς
733 3028 774 3096 ἀν
795 3032 859 3095 τῶν
880 3031 1035 3097 τοιούτων
1055 3028 1112 3096 καὶ
1133 3032 1191 3111 τῆς
1212 3027 1309 3115 παρά
1325 3055 1383 3095 που

178 3132 253 3199 θεοῦ
267 3131 402 3220 χάριτος
417 3128 598 3198 ἀπολαύειν
613 3129 802 3214 δυναμένων.

228 3311 238 3345 r
252 3293 349 3358 tychius
357 3294 390 3343 H
431 3309 444 3357 3
456 3294 523 3344 misit
533 3293 590 3357 (sor
599 3294 655 3343 misi
665 3293 701 3351 ut)
713 3293 752 3344 C*
798 3307 820 3357 7,
830 3298 846 3346 8
857 3295 1113 3360 exoptans-Christo
1123 3309 1162 3343 om
1172 3294 1229 3358 (per
1238 3293 1384 3353 homoeotel.)

180 3377 216 3428 C*
264 3375 412 3427 loadicitC
456 3375 600 3439 13assitH
643 3387 670 3437 15
688 3379 941 3427 cumomnomCH
984 3376 1262 3437 18etomcicorrlll
1304 3391 1380 3441 19sq.

178 3457 256 3508 Coisl.
271 3472 318 3520 204
330 3457 347 3506 f.
364 3456 438 3506 108b
453 3457 507 3518 [Cr.
519 3455 553 3504 vi.
566 3456 624 3517 aas]
641 3453 754 3519 θεάθιυρότ
772 3463 855 3519 φησιν·
871 3459 948 3508 πᾶσιν
962 3459 996 3520 δέ,
1018 3460 1098 3509 κ.τ.λ.
1134 3457 1187 3519 Cr.,
1204 3457 1261 3506 θεοῦ
1276 3460 1362 3518 φησίν.

178 3611 221 3660 the
244 3609 319 3674 Vulg.
339 3616 447 3660 corrects
472 3609 524 3658 “ut
527 3647 586 3659 ......
590 3609 757 3660 consoletur.''
807 3609 839 3662 he
867 3611 992 3662 mentions
1018 3612 1063 3663 the
1089 3612 1236 3662 alternative
1267 3612 1385 3678 meaning

179 3691 231 3742 For
246 3709 301 3741 exa.
322 3690 351 3741 oi
363 3690 485 3741 consolari
499 3705 628 3755 pass-,see
646 3692 756 3750 Riinsch,
808 3689 868 3756 ὑπὲρ
885 3692 1021 3756 ἀφθάρτων.
1058 3692 1136 3742 Thdt.
1156 3692 1255 3743 follows
1272 3693 1337 3742 Th.:
1357 3691 1385 3742 οὐ

179 3777 254 3836 Itala,
267 3792 291 3840 p.
307 3775 362 3837 388.
398 3773 432 3822 In
449 3772 616 3835 Domina(a⁰)
633 3789 713 3823 seeum
730 3781 757 3823 to
806 3773 855 3838 γάρ
882 3779 957 3826 πᾶσιν
984 3774 1067 3828 trade
1094 3777 1237 3838 χορηγεῒται
1262 3773 1278 3836 ἠ
1305 3775 1383 3838 χάριτ,

179 3859 243 3908 have
264 3858 329 3907 been
350 3856 468 3921 repeated
489 3855 554 3905 from
576 3855 619 3906 the
641 3857 757 3920 previous
807 3855 874 3907 ἀλλά
887 3859 936 3907 τοῖς
953 3854 1082 3919 ἀγαπῶσιν
1102 3853 1146 3905 τάν
1163 3856 1251 3916 κύριον·
1275 3857 1315 3903 καὶ
1331 3851 1385 3903 οὐδὲ

178 3941 239 3990 line.
807 3940 898 3988 τούτοιτ
914 3937 1005 3996 dalnis,
1022 3935 1089 3987 ἀλλά
1102 3938 1151 3986 τοῖς
1167 3935 1226 4000 πρὸς
1242 3933 1270 3985 τὸ
1286 3934 1386 3997 ἀγαπᾶν

216 4035 252 4072 ra.
288 4026 311 4069 et
330 4025 393 4068 caste
407 4018 597 4080 conuertuntur]
630 4019 757 4085 Probably
806 4023 848 4070 rai
873 4022 929 4072 roris
955 4021 1084 4086 ζωοτοιοὺτ
1114 4018 1190 4069 αὐτοῦ
1220 4016 1385 4081 φυλάττουσιν

180 4102 329 4154 substituted
340 4101 399 4150 here
407 4100 441 4164 by
451 4116 484 4149 an
495 4115 562 4149 error
574 4099 603 4150 ol
610 4099 652 4150 the
664 4102 756 4151 scribes
806 4099 896 4162 νόμους.
929 4101 993 4152 This
1010 4100 1198 4166 interpretation
1215 4102 1237 4151 is
1253 4115 1281 4149 as
1297 4099 1385 4150 oldas

179 4185 218 4236 sor
232 4184 260 4234 in
277 4182 463 4245 incorruptione,
477 4181 560 4230 which
576 4182 662 4230 stands
675 4181 701 4230 in
713 4181 755 4231 the
806 4184 848 4234 the
861 4183 963 4234 timeol
974 4183 1083 4248 Origen3
1100 4198 1141 4232 see
1153 4181 1264 4241 Cramer,
1280 4180 1312 4230 vi.
1326 4196 1381 4242 224,
1419 4235 1421 4238 ,

179 4273 232 4318 text
248 4283 276 4316 as
292 4264 387 4330 quoted
402 4264 427 4313 in
442 4261 485 4312 the
498 4278 588 4312 comm.
601 4262 652 4326 just
663 4263 753 4312 below.
803 4263 927 4328 Ὧριγένης
945 4265 1020 4326 φησίν
1023 4301 1081 4313 ......
1086 4259 1234 4325 demonum
1248 4279 1310 4312 τινες
1326 4261 1385 4310 εἶναι

180 4347 251 4398 With
269 4345 358 4410 regard
377 4351 403 4394 to
419 4343 463 4396 the
480 4343 669 4408 interpretation
686 4343 715 4393 oi
729 4341 755 4393 ἐν
807 4347 836 4396 τὸ
847 4347 947 4408 ἀγαπᾶν
959 4342 1031 4394 αὑτὸν
1047 4347 1072 4394 ἐν
1089 4345 1148 4405 ἀφθ.
1161 4343 1323 4405 καθαρεύοντα
1336 4343 1386 4392 ἀπὸ

180 4431 313 4494 ἀφθαρσίᾳ,
323 4428 371 4480 Th.
386 4426 407 4478 is
418 4434 444 4477 at
455 4441 504 4478 one
515 4427 576 4477 with
588 4426 688 4491 Chrys,
698 4427 756 4477 who
807 4427 855 4475 τῶν
872 4428 950 4490 ἔργων
968 4428 1010 4488 τῆς
1027 4423 1118 4488 φθορᾶς
1135 4423 1224 4488 [citing
1243 4437 1253 4472 1
1272 4421 1331 4472 Cor.
1345 4421 1381 4472 iii.

179 4512 293 4576 expiabis
309 4510 442 4567 τουτέστιν,
463 4505 493 4557 δι’
516 4509 610 4572 ἀρετῆς,
634 4507 756 4573 although
811 4507 859 4572 171.

1195 4622 1295 4685 13-2
