3342 5224
278 389 315 436 12
604 387 832 440 ruuononus
856 383 1149 439 uorsuusrunus
1288 376 1327 459 [I.
1349 391 1481 453 10—14.

337 580 369 644 si
382 579 469 644 enirn
484 579 590 644 adira
602 578 787 644 horninibus
794 577 963 663 placerem,
983 577 1111 646 Christi
1121 600 1237 643 seruus
1250 601 1312 644 aare
1327 601 1432 644 assera.

340 713 459 797 ‘igitur
473 723 553 778 tunc
568 713 760 778 hominibus
783 712 970 796 placebam,
986 710 1123 796 quando
1146 733 1208 795 pro
1230 710 1305 796 lege
1327 712 1482 776 uniuersa

274 816 438 899 agebam;
471 837 558 901 quae
583 817 706 881 nullius
728 819 890 881 momenti
913 815 986 894 ieci,
1010 815 1165 899 eoquod
1189 814 1323 880 Christo
1344 812 1482 878 ulterius

275 920 399 983 seruire
414 940 468 984 me
483 920 644 1004 probaui!

243 1077 258 1143 5
338 1072 448 1126 reatum
463 1074 570 1128 autem
585 1063 784 1147 satisfaciu,
799 1063 940 1146 fratres,
954 1063 1159 1147 euarrgrlium
1177 1061 1265 1147 quad
1280 1062 1482 1146 mangeliea-

275 1174 345 1228 tum
360 1175 409 1229 est
421 1187 442 1230 a
457 1187 515 1244 aee,
530 1168 683 1249 qrraaima
699 1189 760 1232 aaa
774 1177 823 1231 est
835 1166 1007 1230 secuudum
1022 1165 1192 1230 homiaem.

342 1302 418 1368 ‘illa
443 1303 545 1387 igitur
569 1325 657 1389 quae
686 1326 766 1389 erga
796 1326 851 1369 me
880 1312 958 1368 sunt
988 1313 1069 1368 nota
1098 1302 1194 1367 uobis
1225 1301 1319 1379 facio,
1347 1310 1384 1366 ut
1415 1321 1482 1365 non

275 1405 423 1471 humana
452 1428 507 1472 me
536 1408 684 1491 quadam
721 1408 960 1472 adinuentione
998 1406 1184 1472 doctrinam
1222 1426 1325 1490 quam
1361 1406 1485 1470 abutor

275 1510 540 1593 praesumpsisse
563 1511 783 1577 existimetis!
828 1513 887 1576 sed
911 1510 1001 1576 unde
1021 1531 1102 1595 ergo
1121 1509 1227 1575 habes
1250 1508 1343 1574 illam
1366 1528 1483 1591 accep-

224 1612 372 1679 iotam?
1432 1599 1442 1618 ‘

341 1781 395 1824 nec
407 1761 494 1826 arim
506 1782 562 1845 ega
576 1760 617 1826 ab
631 1760 760 1826 lamiae
770 1760 893 1845 suscepi
906 1761 998 1840 illud,
1013 1783 1111 1845 reaque
1123 1762 1228 1827 didici
1246 1760 1339 1838 illud,
1354 1762 1413 1825 sed
1422 1770 1488 1843 per

276 1865 499 1929 raselatiaaem
513 1864 588 1930 lesu
605 1864 737 1931 Christi.

341 2003 465 2068 deinde
480 2012 515 2068 et
538 1984 771 2087 probationem
793 2003 891 2068 rebus
912 2003 992 2088 ipsis
1015 2003 1144 2087 implet,
1167 2004 1311 2069 referens
1334 2020 1484 2085 eaquae

278 2103 461 2169 seeundum
486 2125 522 2169 se
547 2115 635 2183 sunt,
650 2114 684 2170 et
699 2105 807 2191 qualis
830 2114 901 2171 erat
921 2105 1050 2171 dudum
1072 2127 1134 2190 pro
1157 2105 1231 2189 lege
1251 2103 1427 2180 desudans,
1450 2110 1484 2166 et

226 2221 262 2288 15
279 2207 438 2291 quoniam
470 2229 569 2272 nemo
598 2208 773 2273 hominum
803 2210 920 2274 uolens
951 2229 1028 2274 eum
1059 2210 1241 2293 corrigere3
1278 2208 1409 2291 hocque
1438 2225 1483 2268 ex

279 2311 530 2394 comparatione
559 2321 710 2378 ueterum
751 2312 824 2378 uult
854 2313 1039 2387 ostendere,
1070 2313 1231 2397 quoniam
1269 2330 1337 2375 non
1374 2308 1482 2392 legem

280 2416 416 2498 spreuit,
433 2416 492 2480 sed
508 2417 599 2500 quod
624 2417 743 2482 melius
758 2425 809 2482 est
830 2426 864 2482 et
885 2417 1079 2499 recognouit
1102 2424 1136 2480 et
1156 2414 1266 2498 elegit.
1311 2421 1347 2478 et
1369 2421 1484 2496 aperte

281 2519 353 2583 uult
382 2520 589 2604 conprobare
615 2521 775 2606 quoniam
800 2542 820 2585 a
844 2519 977 2584 Christo
1004 2518 1122 2583 didicit
1145 2518 1218 2582 solo
1243 2516 1300 2582 illa
1325 2537 1414 2600 quae
1439 2517 1483 2581 ad

279 2645 437 2708 praesens
460 2633 574 2690 tenere
596 2628 737 2702 uidetur,
754 2647 813 2709 per
833 2624 924 2688 illam
950 2622 1187 2686 reuelationem
1210 2641 1298 2705 quae
1321 2623 1365 2687 de
1391 2621 1485 2687 caelo

225 2742 268 2792 20
281 2729 369 2794 facta
391 2737 443 2794 est
465 2730 510 2794 ad
530 2750 629 2808 eum;
652 2731 789 2814 quando
809 2750 845 2793 se
866 2729 896 2792 ei
918 2727 1137 2793 manifestans
1152 2729 1297 2793 eundem
1320 2730 1411 2795 uisus
1434 2739 1485 2795 est

273 2835 471 2912 correxisse,
485 2836 623 2918 quando
639 2845 673 2900 et
688 2835 771 2919 legis
786 2843 858 2900 erat
873 2833 1054 2898 uehemens
1070 2834 1279 2899 aemulator:

302 2975 485 3040 :eadmer
509 2975 595 3041 enim
620 2977 888 3042 conuersatiarum
918 2998 1022 3042 meam
1048 2978 1226 3062 alz'quanda
1254 2979 1290 3044 in
1315 2977 1486 3055 iadaz'sma,

278 3079 430 3160 queniam
455 3091 556 3163 supra
580 3080 710 3146 modeim
732 3078 946 3164 persequebar
972 3081 1131 3146 ecelesiam
1162 3081 1235 3158 Dei,
1259 3091 1291 3146 et
1315 3082 1486 3147 uastabam

277 3201 357 3245 eam.
401 3191 434 3244 et
446 3181 652 3266 proficiebam
667 3183 702 3246 in
718 3181 881 3247 iudairma
898 3194 1000 3266 supra
1025 3183 1144 3246 multas
1161 3194 1340 3249 coaetaneos
1354 3205 1438 3247 meas
1452 3184 1487 3247 ia

225 3303 242 3349 2
247 3297 263 3365 5
273 3300 388 3363 genere
408 3302 482 3357 mea,
506 3281 727 3352 abundantias
747 3283 929 3349 aemulator
948 3283 1085 3349 existeres
1100 3295 1313 3368 paternarum
1339 3301 1486 3348 mearam

279 3383 505 3452 traditionum.

344 3530 430 3596 bene
445 3539 480 3596 et
493 3542 671 3598 coaetaneos
685 3533 794 3614 dixit;
817 3533 882 3600 hoc
896 3537 986 3600 enim
1002 3543 1074 3599 erat
1090 3532 1206 3612 maius,
1218 3533 1245 3596 si
1261 3541 1296 3597 et
1311 3532 1487 3597 iuuenibus

279 3633 510 3700 uehementior
541 3656 613 3702 esse
643 3637 823 3703 uidebatur
852 3641 886 3703 in
917 3639 982 3703 illis
1011 3638 1181 3703 laboribus
1211 3658 1296 3721 quos
1326 3658 1387 3720 pro
1413 3637 1488 3721 lege

278 3739 390 3804 subire
410 3740 590 3806 nitebatur.
638 3741 739 3807 ‘talia
753 3743 857 3826 igitur
874 3751 969 3808 erant
985 3742 1042 3808 illa
1056 3745 1145 3826 quae
1160 3761 1239 3825 erga
1257 3760 1313 3806 me
1335 3750 1438 3818 erant,
1454 3749 1489 3806 et

224 3862 267 3928 30
280 3842 358 3908 talis
388 3864 478 3908 eram
505 3843 634 3908 dudum
662 3846 696 3909 in
726 3845 808 3931 lege
855 3857 1005 3913 uestrum
1036 3849 1103 3912 iam
1133 3844 1221 3910 ultra
1257 3853 1309 3909 est
1346 3845 1489 3929 probare

329 4025 343 4076 3
361 4011 404 4077 qui
416 4012 473 4077 [sar
481 4013 555 4078 quae)
570 4012 605 4064 C*
617 4015 652 4065 H
657 4013 725 4081 quod
739 4015 843 4084 σίτων)
964 4033 980 4084 9
997 4016 1150 4069 existimetur
1163 4015 1199 4067 C*
1213 4013 1218 4083 1
1233 4015 1277 4068 sed
1288 4033 1327 4067 am
1342 4015 1447 4083 C(corr)
1461 4017 1494 4066 H

283 4105 311 4141 rs
327 4093 474 4142 relationem
487 4091 523 4144 C*
615 4093 644 4145 16
660 4099 739 4147 ueteri
749 4097 784 4148 H
856 4115 885 4165 ¹9
901 4099 1017 4151 uidentur
1025 4099 1059 4149 H
1148 4111 1177 4148 nr
1197 4097 1244 4148 erit
1257 4095 1293 4150 0⁸
1366 4113 1396 4148 aa
1414 4099 1488 4148 etiam

280 4177 337 4242 [sar
352 4177 429 4239 enim)
446 4177 481 4227 H
552 4179 583 4228 28
600 4179 668 4243 quod
680 4177 736 4244 (sar
745 4180 816 4248 qnos)
832 4183 868 4232 C’
880 4185 915 4234 H

315 4343 338 4394 ⁵·
355 4337 440 4380 'mum
451 4329 543 4393 am]
559 4330 666 4394 matu
677 4332 704 4383 δέ
711 4346 717 4380 ²
730 4347 758 4384 so
768 4333 859 4400 Chrys.
946 4351 982 4400 ¹⁴-
1018 4337 1102 4402 qualis
1110 4339 1219 4386 erat...er
1232 4331 1310 4398 rlrgr't]
1326 4331 1400 4382 Cited
1412 4331 1489 4397 freely

281 4413 358 4464 Thdt.
394 4413 449 4463 'l'be
468 4413 543 4464 latin
565 4415 676 4466 versions
694 4417 746 4467 and
765 4417 858 4470 fathers
911 4420 946 4484 by
963 4418 1087 4470 lanfranc
1098 4417 1149 4468 and
1167 4416 1262 4467 Robert
1279 4414 1308 4466 oi
1326 4415 1356 4464 Β.
1386 4415 1415 4466 1„
1435 4415 1490 4466 also

280 4494 341 4558 (exc.
358 4493 494 4557 Ambrstr.)
507 4493 601 4545 exhibit
614 4495 689 4550 euim.
911 4501 972 4551 cites
983 4500 1009 4552 11,
1026 4505 1064 4565 27,
1080 4499 1111 4550 28
1123 4498 1233 4563 (below).
