3340 5232
182 356 224 422 V.
239 357 393 444 26-29.]
585 373 630 426 ru
654 373 706 428 nr.
727 375 780 426 wnu
803 375 989 429 naussms.
1329 347 1386 447 ias

180 560 261 624 erga
277 563 334 607 eas
349 544 536 622 ostendant,
552 543 721 611 instruxit
766 543 882 610 ‘talem
894 545 1026 629 (inquit)
1044 552 1078 609 et
1093 564 1153 608 uos
1169 543 1253 628 er‘ga'
1262 557 1390 613 uestras

183 663 306 709 uxores
327 646 450 712 iustum
471 656 522 711 est
540 648 715 712 ostendere
737 649 920 725 caritatem,
943 648 1077 731 qualem
1094 658 1128 712 et
1145 648 1296 713 Christus
1312 670 1391 732 erga

184 747 357 814 ecclesiam
384 750 548 815 ostendit'
593 751 683 815 unde
706 759 740 815 et
758 753 906 816 caritatis
925 753 1047 816 indicia
1071 751 1170 814 latius
1195 751 1229 815 in
1258 753 1392 818 Christo

182 854 300 919 nititur
315 854 483 937 publicare
498 856 632 919 dicens:

249 1018 396 1083 utillum
418 1019 597 1105 sanctificet,
622 1019 785 1086 mundans
798 1030 862 1103 per
879 1021 1047 1086 lauacrum
1062 1044 1165 1105 aquae
1179 1023 1215 1086 in
1229 1044 1391 1100 sormam·
1423 1029 1444 1106 ’5

184 1127 223 1182 ut
240 1118 385 1184 arhibaat
401 1141 472 1184 eam
488 1121 554 1186 sibi
575 1122 638 1205 ipsi
650 1123 829 1206 gloriosam
843 1122 1010 1198 ecclesiam,
1027 1145 1089 1187 nan
1104 1124 1267 1189 habentem
1284 1146 1391 1189 macu-

183 1224 252 1288 lam
266 1234 326 1288 aut
339 1245 458 1308 rugam
472 1235 533 1290 aut
545 1225 675 1308 aliquid
685 1227 808 1304 Irarum,
823 1226 882 1290 sed
893 1235 931 1290 at
943 1226 989 1290 sit
1001 1238 1113 1291 sancta
1127 1238 1159 1291 et
1172 1227 1392 1296 immaculata.

250 1350 314 1414 hoc
337 1373 403 1416 non
427 1351 698 1418 solumcaritatis
714 1353 837 1419 Christi
853 1353 1046 1419 continebat
1060 1355 1391 1436 demonstrationem,

185 1453 243 1518 sed
263 1463 298 1519 et
316 1457 357 1519 ad
378 1457 598 1520 eruditionem
621 1457 686 1520 illis
711 1456 913 1540 proficiebat,
939 1467 977 1522 ut
999 1459 1206 1523 custodirent
1230 1459 1391 1523 uxoribus
1444 1496 1447 1500 -

185 1555 253 1618 suis
277 1556 434 1639 nuptialis
458 1561 680 1623 conscientiae
706 1559 822 1622 foedus
829 1578 838 1636 ;
868 1579 908 1621 eo
934 1560 1023 1641 quod
1051 1559 1098 1622 sic
1122 1579 1179 1622 eos
1205 1559 1391 1643 conligatos
1408 1578 1449 1627 ιο

185 1679 258 1724 esse
287 1680 366 1743 erga
395 1682 518 1725 uxores
547 1663 694 1726 caritatis
728 1663 812 1725 ratio
846 1661 1089 1743 depostulabat,
1124 1664 1209 1726 sicut
1240 1662 1392 1728 Christus

185 1758 358 1823 ecclesiam
378 1763 441 1824 sibi
457 1763 634 1826 coniunxit
650 1764 750 1828 itaut
765 1782 948 1845 numquam
964 1765 1093 1847 eosqui
1110 1765 1143 1827 in
1159 1765 1298 1829 ecclesia
1313 1776 1393 1831 sunt

184 1865 357 1949 relinquat,
373 1887 478 1950 usque
493 1868 574 1930 dum
589 1865 745 1931 affectum
762 1887 840 1948 erga
856 1886 931 1930 eum
949 1865 1115 1950 integrum
1131 1868 1236 1933 uelint
1251 1889 1391 1935 seruare.

250 1969 340 2032 unde
354 1967 493 2033 adiecit:

249 2138 420 2205 sicdebmt
433 2140 505 2205 uiri
516 2139 652 2224 diligere
665 2160 743 2204 mas
757 2160 871 2204 uxores
882 2138 967 2204 sicut
979 2161 1041 2204 sua
1055 2151 1193 2223 corpora.
1258 2145 1261 2152 ⁴
1407 2151 1443 2220 15

250 2266 314 2332 hoc
334 2277 394 2344 est,
418 2269 480 2332 ‘sic
502 2265 655 2333 Christus
678 2266 852 2331 ecclesiam
877 2266 995 2350 diligit,
1020 2267 1105 2330 sicut
1129 2287 1248 2350 corpus
1274 2249 1390 2334 suum?

184 2369 307 2434 deinde
321 2390 365 2434 ex
381 2371 454 2452 ipsa
472 2369 688 2433 similitudine
708 2369 872 2434 etiamad
892 2370 1054 2434 rationem
1079 2379 1216 2434 naturae
1238 2361 1391 2448 decurrit,

184 2473 365 2536 ostendens
379 2472 538 2554 quoniam
554 2471 626 2554 ipsa
641 2472 725 2535 ratio
740 2471 804 2535 illis
819 2480 1009 2555 competere
1031 2471 1183 2534 uideatur
1206 2471 1390 2536 secundum

184 2575 401 2659 principalem
417 2575 680 2659 opificationem:

247 2735 307 2818 qui
319 2734 432 2818 diligit
443 2754 539 2820 raam
554 2754 691 2810 uxorem,
703 2731 849 2815 seipsum
858 2729 990 2817 dimit,-
1006 2723 1196 2796 neamenim
1211 2732 1390 2815 aliquanda
1403 2751 1446 2801 20

182 2855 277 2898 sacam
291 2855 420 2898 carnem
434 2833 507 2897 adia
520 2833 641 2911 habuit,
657 2833 717 2897 sed
728 2833 836 2898 nutrit
847 2844 880 2898 at
885 2835 982 2916 fauet
994 2854 1075 2899 eam.

250 2981 286 3035 ut
307 2971 397 3034 dicat
415 2970 572 3052 quoniam
595 2972 787 3035 ‘secundum
811 2971 953 3053 primam
969 2970 1214 3054 opificationem
1231 2991 1297 3035 una
1312 2993 1389 3036 caro

184 3083 255 3137 erat
267 3073 413 3138 mulieris
424 3086 459 3138 et
470 3075 549 3153 uiri;
570 3094 610 3137 eo
623 3073 712 3155 quod
729 3083 763 3136 et
778 3073 896 3136 mulier
909 3073 1019 3155 portio
1034 3072 1143 3135 mariti
1160 3082 1239 3136 erat.
1277 3073 1390 3154 itaque

183 3173 316 3256 qualem
332 3175 576 3239 solicitudinem
593 3174 645 3238 uel
661 3173 868 3257 diligentiam
886 3195 963 3256 erga
979 3173 1148 3256 proprium
1164 3194 1282 3256 corpus
1295 3174 1389 3238 exhi·

184 3279 309 3357 bemus,
332 3277 433 3342 talem
456 3279 601 3342 iustitiae
621 3279 706 3341 ratio
727 3277 875 3360 postulat
890 3289 927 3341 ut
943 3277 1002 3341 uiri
1020 3297 1098 3359 erga
1114 3298 1190 3341 suas
1206 3277 1389 3344 exhibeant
1403 3289 1442 3357 25

183 3376 325 3446 uxores.’
359 3390 394 3444 et
413 3380 639 3464 complectens
661 3379 854 3463 exemplum
877 3380 957 3444 illud
973 3380 1063 3462 quod
1079 3379 1262 3443 secundum
1278 3379 1389 3445 Chris-

183 3489 256 3544 tum
272 3490 331 3559 est,
348 3481 491 3546 adiecit:

234 3681 245 3718 r
280 3668 389 3718 ostendit
404 3665 444 3717 C'
553 3665 570 3717 6
585 3681 642 3717 earn
653 3682 692 3717 om
705 3665 740 3717 H
820 3683 822 3688 ·
847 3665 912 3716 aad
924 3663 1042 3731 (hgfcar.)
1053 3665 1139 3715 addc
1148 3667 1222 3726 (corr)
1332 3683 1347 3734 9
1364 3673 1389 3717 et

181 3747 266 3796 omli
276 3745 281 3812 Ι
294 3748 430 3798 custodiret
444 3746 483 3798 C*
570 3761 608 3812 ¹4·
625 3761 656 3813 η
674 3748 751 3798 adicit
763 3748 787 3797 C
872 3761 901 3797 ar
921 3747 983 3797 louit
997 3747 1062 3797 CH
1154 3763 1185 3811 23
1202 3747 1391 3799 tortiorman'to

183 3828 242 3894 (sor
250 3830 333 3896 portio
344 3829 437 3890 mariti)
448 3829 482 3878 H

217 4007 239 4058 5.
275 3993 304 4044 in
329 3994 447 4057 sermone]
488 3995 567 4062 Vulg.
590 3997 640 4047 ond
663 3994 696 4048 0.
717 3997 757 4058 L..
811 3995 892 4046 words
903 3994 933 4046 ol'
942 3995 1065 4060 Baptista:
1084 3990 1191 4045 lnlroi
1205 3997 1238 4045 alr
1253 3993 1326 4056 ὄνομα
1340 4011 1387 4045 ra·

182 4077 211 4126 in
229 4077 309 4126 uerbo.
342 4077 396 4129 Our
414 4077 547 4128 translator
563 4079 668 4130 chooses
685 4095 762 4128 sermo
810 4075 991 4142 rtporralvloi
1002 4077 1277 4140 roldyloumdparor.

183 4165 210 4208 to
226 4165 352 4222 represent
367 4157 433 4220 ῥῆμα
444 4158 517 4222 again
531 4157 558 4208 in
571 4173 592 4208 c.
607 4160 639 4210 vt
658 4170 695 4221 17.
728 4159 761 4208 In
844 4172 884 4223 ²3·
902 4157 1096 4223 ponrbmarr‘tr]
1121 4158 1310 4209 Cl.Ambrstr.:
1323 4161 1388 4208 “na-

182 4239 225 4290 the
236 4238 310 4289 latter
320 4239 479 4303 passageTn
491 4238 623 4304 interprets
630 4239 757 4303 ῥῆμαοεε
811 4241 885 4290 turall
897 4241 992 4291 ratione
1009 4239 1098 4290 mulier
1114 4241 1198 4306 portio
1215 4241 1325 4305 corporis
1341 4241 1388 4292 uiri

181 4323 299 4385 ἐνέργεια,
316 4321 366 4370 and
383 4321 507 4387 probably
526 4322 576 4372 this
594 4322 615 4372 is
632 4323 674 4372 the
690 4337 761 4373 sense
811 4328 856 4378 est,
877 4336 907 4370 ac
926 4336 971 4386 per
989 4320 1038 4371 boc
1057 4322 1096 4371 uir
1113 4320 1139 4371 in
1157 4321 1261 4371 muliere
1280 4321 1390 4388 seipsum

183 4402 216 4452 be
229 4401 313 4452 would
330 4401 414 4451 anach
430 4408 457 4452 to
472 4401 492 4451 it
508 4401 577 4452 here.
611 4401 698 4466 Chrys.
711 4403 761 4452 aad
811 4400 919 4468 diligit.”

182 4480 259 4532 Thdt.
273 4481 336 4532 both
351 4481 504 4534 understand
521 4482 546 4532 in
564 4482 614 4533 this
630 4483 701 4548 place
718 4483 761 4533 the
