3332 5210
281 367 342 433 118
606 378 835 431 nmononus
858 375 1150 429 uorsussrsuus
1351 359 1390 444 [I.
1411 376 1438 438 1,
1456 375 1487 422 2.

279 550 501 615 adiectionem
538 549 619 616 facit
647 558 706 616 aut
734 549 1000 626 minorationem,
1031 557 1141 612 utrum
1173 532 1353 610 Iohannes
1370 543 1490 608 beatus

280 652 487 735 euangelista
517 653 673 736 Ephesiis
703 653 855 716 uideatur
884 660 963 714 ante
993 650 1063 714 eius
1092 648 1220 712 litteras
1250 645 1351 710 fidem
1388 642 1491 707 tradi-

281 755 377 830 disse,
400 763 510 818 utrum
538 754 621 818 alter
642 754 763 838 aliquis
785 755 836 830 sit,
863 753 920 835 qui
946 751 1110 835 Ephesios
1133 752 1176 815 ad
1200 750 1322 816 Christi
1346 749 1492 814 adduxit

282 854 520 921 credulitatem.
565 865 696 921 tanturn
712 877 790 920 uero
806 857 936 920 adicere
958 855 1056 920 dictis
1079 854 1156 918 uolo
1174 855 1332 938 quoniam
1350 855 1490 920 multam

251 963 510 1038 §difficultatem
538 960 611 1042 ipsa
636 959 778 1042 epistola
801 959 902 1023 etiam
929 959 962 1021 in
985 959 1096 1021 uerbis
1117 957 1239 1021 habere
1262 958 1421 1035 uideatur,
1444 958 1492 1020 ita
1550 1015 1553 1018 .

283 1076 320 1129 ut
336 1066 550 1146 interpretare
566 1080 640 1125 eam
656 1061 789 1137 uolenti,
807 1081 873 1124 non
890 1059 986 1123 facile
1003 1061 1047 1123 sit
1066 1058 1280 1122 manifestum
1299 1059 1369 1120 eius
1384 1057 1492 1121 facere

283 1184 426 1228 sensum.
463 1163 526 1227 hac
547 1164 589 1226 de
609 1182 710 1226 causa
729 1163 894 1246 optimum
919 1181 991 1224 esse
1016 1161 1193 1224 arbitratus
1209 1178 1282 1222 sum
1299 1178 1366 1222 non
1382 1145 1491 1220 solum

283 1284 418 1328 omnem
445 1264 750 1346 interpretationem
776 1283 945 1346 exponere
971 1261 1156 1338 uerborum,
1184 1261 1242 1325 sed
1273 1268 1307 1323 et
1337 1261 1409 1341 ipsa
1433 1258 1493 1321 ob-

285 1389 379 1431 scura
413 1368 514 1431 uerba
550 1369 774 1449 interpretare,
807 1368 861 1430 ubi
899 1367 932 1430 id
972 1364 1040 1428 fieri
1079 1385 1130 1428 res
1164 1367 1280 1448 exigit.
1324 1367 1372 1429 sic
1402 1365 1492 1428 enim

234 1488 272 1536 10
285 1472 495 1554 perspicuum
525 1470 588 1533 erit
613 1471 705 1534 omni
737 1469 861 1534 uolenti
893 1470 1056 1533 disc'utere
1086 1467 1175 1532 hanc
1200 1470 1404 1553 scripturam,
1426 1486 1495 1549 quo

285 1575 392 1657 possit
417 1572 603 1637 intellectus
627 1573 801 1656 apostolici
826 1593 941 1636 sensus
968 1573 1160 1655 perspicuus
1182 1571 1317 1650 haberi;
1343 1575 1432 1656 quod
1461 1582 1497 1637 et

286 1676 592 1760 praehonorabilius
618 1677 773 1740 omnibus
797 1697 869 1740 esse
895 1675 1054 1739 existimo
1078 1685 1113 1738 et
1136 1686 1216 1758 opto
1241 1677 1273 1740 id
1300 1677 1440 1753 euenire,
1467 1675 1496 1737 si

286 1790 399 1845 tamen
416 1781 449 1844 id
465 1780 642 1862 contigerit
660 1780 755 1843 nobis
780 1801 839 1862 per
860 1781 1008 1843 diuinam
1033 1781 1175 1860 gratiam
1198 1800 1296 1862 posse
1319 1782 1496 1863 proueniri,

287 1895 325 1949 ut
361 1886 531 1949 euidenter
568 1903 700 1947 sensum
739 1883 958 1966 apostolicum
997 1885 1124 1947 cunctis
1162 1884 1350 1948 uolentibus
1387 1884 1496 1968 legere

234 2005 271 2071 15
288 1985 502 2068 publicemus,

354 2148 483 2211 Paulus
515 2148 673 2230 apostolus
698 2131 773 2212 Ies'u
805 2149 941 2218 christi.
957 2160 1020 2232 per
1048 2149 1244 2214 uoluntatem
1274 2151 1347 2228 Dei,
1376 2151 1498 2216 sanctis

288 2249 436 2313 omnibus
450 2249 507 2332 qui
519 2259 599 2313 sunt
610 2249 731 2332 Ephesi
743 2261 775 2314 et
779 2251 934 2335 fidelibus
955 2251 990 2314 in
1014 2251 1141 2317 Christo
1155 2251 1256 2316 Iesu:
1271 2253 1389 2336 gratia
1408 2252 1497 2316 uobis

289 2363 321 2416 et
326 2364 399 2434 pax
410 2373 432 2415 a
445 2351 514 2417 Deo
521 2364 619 2435 patre
634 2364 740 2418 nostro
754 2365 786 2418 et
799 2354 927 2419 domino
941 2355 1016 2420 Iesu
1034 2355 1170 2422 Christe.

355 2482 416 2565 †in
430 2487 483 2550 his
505 2489 697 2572 etquidem
721 2491 903 2554 secundum
925 2491 1199 2556 consuetudinem
1221 2513 1315 2556 suam
1337 2491 1498 2576 epistolae

237 2609 279 2659 20
291 2589 532 2670 praefationem
556 2611 806 2656 consummasse
826 2593 967 2671 uidetur,
990 2592 1097 2658 simile
1118 2594 1244 2676 aliquid
1265 2593 1390 2658 iaciens
1410 2593 1498 2657 illius

292 2695 541 2758 consuetudinis
578 2715 666 2777 quae
703 2707 753 2760 est
790 2696 879 2779 apud
918 2715 1001 2773 nos;
1036 2717 1112 2762 curn
1143 2698 1231 2761 enim
1263 2718 1325 2782 nos
1354 2698 1497 2762 scribere

293 2796 455 2875 uolumus,
472 2797 629 2860 dicimus:
652 2797 724 2861 ‘ille
740 2799 786 2862 illi
803 2798 944 2862 salutem
955 2797 993 2863 ἢ*

360 3041 396 3108 ἐν
420 3041 525 3129 τούτῳ
548 3041 632 3109 κατὰ
653 3043 691 3108 τὸ
712 3041 821 3114 εἰωθὸς
843 3040 930 3130 αὐτῷ
950 3045 1007 3125 τῆς
1029 3043 1206 3122 ἐπιπολῆς
1226 3041 1285 3122 τὴν
1307 3039 1501 3131 προγραφὴν

295 3145 518 3232 συνεπέριινεν·
534 3144 771 3230 παραπλήσιόν
784 3173 818 3212 τι
832 3149 872 3232 τῇ
887 3143 965 3232 παρ’
980 3143 1058 3227 ἡμῖν
1072 3145 1226 3235 σννηθείᾳ
1239 3148 1349 3212 ποιῶν·
1366 3143 1406 3216 uis
1422 3141 1501 3211 brar

296 3247 544 3320 ἐπιστέλλοντες
558 3247 704 3333 λέγομεν,
720 3247 755 3313 ‘d
772 3247 860 3315 δεῖνα
874 3252 920 3337 τῷ
934 3247 1011 3314 δεῖνι
1025 3246 1168 3337 χαίρειν.’
1257 3257 1258 3262 ’

346 3416 583 3484 3adChr.omH
675 3417 875 3482 4adiecereC*
975 3400 1175 3483 5ipsaephC
1209 3417 1504 3483 ipsepostHlfhripsa

296 3496 411 3565 epistola)
477 3497 701 3563 6interpretariC
764 3497 952 3563 9interpretari
966 3499 1073 3561 Clcorr)
1143 3513 1169 3549 11
1188 3499 1281 3549 habere
1294 3497 1330 3548 C*
1398 3515 1427 3562 ¹3
1445 3514 1504 3564 con·

297 3579 396 3645 tingerit
410 3579 445 3628 θ’
461 3576 466 3644 Ι
480 3594 524 3644 per
534 3595 572 3628 om
584 3580 618 3630 H
679 3593 707 3642 15
727 3591 859 3628 sxrurcrr
879 3591 1084 3630 nnouusnrun
1104 3580 1333 3643 [†EPHESIORUM
1351 3591 1504 3629 arrsrounu

299 3663 332 3724 C]
354 3673 461 3712 nucnur
479 3673 613 3711 semrom
630 3674 789 3711 sonuuosu
806 3674 990 3712 senssroaun
1008 3662 1058 3726 (ast
1073 3661 1238 3728 publicemus)
1255 3663 1308 3711 add
1324 3662 1379 3712 CH
1475 3675 1504 3724 19

298 3745 362 3794 hanc
375 3741 432 3808 (sor
441 3743 522 3806 suam)
537 3745 559 3794 C
655 3761 685 3809 ²³
698 3761 736 3810 sq.
749 3744 826 3794 Coisl.
840 3759 895 3808 τοι,
910 3745 927 3794 f.
939 3759 970 3808 47
978 3747 1084 3809 b-48a
1095 3745 1150 3808 [Cr.
1162 3745 1197 3794 vi.
1213 3745 1276 3806 1001.

332 3897 354 3945 s
390 3893 444 3958 ipsa
459 3893 557 3943 obscura
575 3893 659 3955 uerba]
669 3909 722 3959 εις,
735 3891 874 3957 εὖλσγητόι,
927 3891 1022 3961 (supra,
1030 3912 1055 3961 p.
1067 3893 1167 3960 ητις.)
1175 3896 1257 3945 leaves
1265 3911 1299 3944 no
1310 3910 1380 3944 room
1391 3901 1419 3944 to
1427 3893 1507 3944 doubt

300 3977 450 4036 πνευματικῇ
464 3975 490 4040 (i.
504 3974 543 4039 gl:
559 3976 685 4035 ἐξελέξατο
699 3974 724 4039 (i.
738 3974 777 4039 4):
795 3977 876 4038 ἐχαρί·
927 3980 981 4029 that
999 3981 1024 4029 ἐν
1038 3977 1137 4040 Ἐφέσῳ
1154 3979 1228 4029 stood
1241 3977 1269 4027 in
1284 3976 1426 4026 Th.’stext.
1462 3975 1507 4025 All

300 4075 377 4107 τωσεν
395 4057 418 4120 (i.
436 4055 474 4120 ⁶l²
492 4059 660 4119 ἀπολύτρωσιν
677 4055 703 4121 (i.
722 4057 769 4120 7.l:
786 4059 877 4117 μνστή-
928 4061 970 4110 the
989 4061 1145 4110 Antiocheno
1164 4059 1303 4124 expositors
1320 4073 1386 4107 seem
1403 4065 1429 4106 to
1443 4057 1508 4106 have

300 4158 350 4202 ριον
363 4137 386 4202 (i.
400 4137 438 4204 pl:
456 4135 716 4202 ἀνακεφαλαιώσασθαι
729 4137 753 4204 (i.
769 4137 815 4204 ιο),
828 4148 875 4189 etc.
928 4141 1049 4191 admitted
1062 4141 1104 4191 the
1114 4141 1196 4190 words
1207 4140 1312 4189 without
1323 4153 1371 4203 any
1383 4138 1509 4202 suspicion

334 4221 357 4282 6,
369 4237 393 4288 9.
423 4219 590 4285 interpretare]
613 4219 651 4270 cf.
665 4221 696 4271 Ο.
707 4221 736 4270 L.
758 4222 822 4272 Gen.
834 4221 877 4270 xli.
929 4239 956 4273 as
967 4231 993 4272 to
1005 4223 1069 4272 their
1080 4221 1250 4288 genuineness

306 4303 512 4368 15(Vercettone,
526 4319 581 4351 var.
594 4303 644 4352 lect.
659 4302 675 4352 i.
694 4304 747 4367 185,
761 4303 826 4354 cited
845 4303 879 4366 by
965 4319 1002 4368 ¹9·
1036 4311 1070 4368 ep.
1086 4300 1278 4367 praefationem]
1311 4301 1359 4352 See
1376 4299 1457 4348 below
1476 4314 1509 4349 on

304 4387 344 4434 De
356 4384 423 4446 Vit):
440 4383 504 4448 “qui
516 4384 659 4448 interpreter
670 4384 733 4433 illud
744 4400 794 4433 non
805 4383 868 4434 est.'’
933 4400 941 4434 1
957 4380 1044 4435 Thess.
1057 4386 1074 4434 i.
1091 4402 1100 4435 r
1116 4383 1198 4450 (Gla).

341 4479 376 4527 ιγ.
410 4466 455 4530 qui
468 4472 529 4514 sunt
542 4466 645 4530 Ephesr]
678 4467 733 4516 The
750 4475 878 4531 argument
