3292 5206
291 381 355 452 304
553 329 557 338 ’
615 379 844 436 astronomis
867 377 1162 433 mopsuestenus
1290 367 1368 458 [ΙΙΙ.
1390 368 1494 448 16,17.

289 571 409 643 corpus
435 552 497 616 sibi
524 552 586 636 ipsi
613 570 773 637 umquam
797 552 859 616 scit
883 553 1069 618 dissentire
1109 553 1157 619 ita
1182 553 1339 619 conuenit
1363 563 1431 632 uos,
1454 555 1495 619 ob

289 651 375 718 hanc
391 655 497 738 ipsam
513 654 722 718 uocationem
739 655 893 736 operibus
907 664 1020 739 gratos
1031 655 1146 723 habitu
1163 679 1224 722 uos
1235 658 1379 736 ostendi,
1392 666 1496 722 custo-

289 756 418 820 dientes
433 756 525 844 illam
542 777 620 846 erga
635 756 828 844 alterutrum
844 751 1008 842 integram
1024 757 1256 824 uocationem!

355 909 488 973 uerbum
503 907 570 972 Dei
583 907 740 972 inhabitet
754 907 789 972 in
804 907 893 973 uobis
907 907 1077 974 ditissime.

258 1039 274 1107 5
356 1036 415 1098 ‘sit
446 1033 580 1118 (inquit)
614 1035 647 1097 in
686 1035 780 1098 uobis
817 1033 918 1116 larga,
946 1032 1068 1098 Christi
1104 1033 1273 1103 doctrina!
1338 1036 1494 1120 quemad-

290 1136 453 1200 moduml

355 1263 390 1327 in
404 1263 495 1327 omni
505 1261 664 1347 sapientia
677 1263 817 1326 docentes
829 1271 861 1326 et
873 1261 1075 1325 adnumeres
1089 1284 1146 1326 uos
1161 1261 1251 1346 ipsos.

355 1415 418 1478 ‘sic
433 1413 564 1478 illorum
579 1413 747 1477 assiduam
763 1411 885 1475 habete
900 1412 1104 1488 memoriam,
1120 1421 1158 1477 ut
1172 1432 1303 1497 semper
1317 1414 1495 1480 uideamini

289 1537 350 1579 uos
365 1516 454 1599 ipsos
470 1517 589 1580 docere
603 1524 637 1578 et
652 1516 840 1590 admonere,
856 1522 1113 1596 consequentem
1130 1515 1160 1576 ei
1175 1515 1346 1578 doctrinae
1361 1534 1497 1579 conuer-

236 1632 276 1682 10
288 1619 450 1682 sationem
463 1626 679 1682 ostentantes.
696 1618 742 1680 sic
753 1617 842 1680 enim
854 1618 916 1681 erit
928 1617 1091 1681 ditissima
1103 1618 1136 1682 in
1149 1618 1244 1681 uobis
1256 1619 1326 1685 eius
1337 1620 1496 1697 doctrina,

288 1720 316 1782 si
339 1739 469 1803 semper
486 1718 568 1784 haec
586 1722 703 1784 eadem
725 1719 910 1802 cogitantes
928 1719 962 1782 in
987 1728 1098 1783 uestro
1118 1739 1216 1783 sensu
1237 1740 1311 1783 eam
1330 1723 1497 1786 custodire

288 1820 476 1887 uolueritis?
498 1841 575 1885 nam
588 1822 678 1905 quod
688 1821 786 1897 dixit,
798 1820 832 1884 in
842 1821 932 1884 omni
943 1819 1110 1902 sapientia,
1121 1821 1347 1903 ‘sapientiam'
1363 1824 1497 1886 uocauit
1519 1879 1524 1892 ,

288 1921 380 1986 illum
393 1922 597 1988 intellectum
614 1923 671 2006 qui
686 1923 729 1986 de
745 1924 816 1986 istis
831 1930 890 1986 est.

344 2051 485 2157 psalmis
509 2073 638 2156 hymnis
660 2085 691 2139 et
707 2071 841 2138 canticis
859 2071 1069 2156 spiritalibus,
1089 2071 1124 2136 in
1141 2072 1258 2156 gratia
1278 2085 1445 2139 cantantes
1463 2075 1498 2140 in

236 2185 270 2252 15
286 2175 433 2240 cordibus
446 2177 564 2240 uestris
577 2175 653 2241 Dee.

354 2306 501 2382 ‘semper
516 2300 650 2383 (inquit)
667 2301 813 2365 insensu
830 2309 940 2365 uestro
955 2300 1079 2384 gratias
1097 2301 1188 2384 agite
1208 2263 1288 2365 Deo·
1300 2323 1360 2380 pro
1375 2304 1498 2386 quibus

287 2399 369 2466 talia
384 2403 549 2484 praestitit
565 2402 680 2467 uobis!

304 2607 308 2616 .
351 2566 383 2620 et
407 2577 498 2620 omne
520 2556 734 2640 quodcumque
748 2555 868 2639 facitis
891 2553 925 2620 in
949 2555 1043 2619 uerbo
1065 2566 1125 2620 aut
1148 2531 1183 2619 in
1206 2569 1300 2640 opere,
1326 2559 1437 2628 omnia
1461 2561 1496 2624 in

287 2657 414 2723 nemim
426 2657 553 2722 domini
565 2657 647 2735 Iesu,
656 2657 791 2740 gratim
805 2667 933 2741 agentes
946 2655 1015 2720 Deo
1029 2666 1062 2720 et
1074 2657 1179 2721 Patri
1184 2669 1247 2741 per
1261 2659 1374 2742 tirsum.

232 2758 291 2848 20*
354 2790 406 2850 ‘et
428 2788 661 2870 quodcumque
684 2783 818 2868 (inquit)
841 2791 900 2847 aut
922 2784 1032 2848 dicitis
1054 2795 1112 2848 aut
1138 2786 1245 2870 agitis,
1271 2789 1436 2852 intuentes
1460 2789 1493 2852 in

196 2923 199 2930 ·
288 2889 428 2967 Christo,
447 2891 595 2954 debitam
620 2891 800 2973 gratiarum
827 2888 993 2951 actionem
1017 2888 1092 2951 Deo
1112 2898 1146 2952 et
1165 2889 1254 2953 Patri
1280 2891 1397 2955 referre
1419 2913 1494 2975 pro-

287 3001 401 3077 perate
416 3013 476 3075 pro
492 2993 555 3056 illis
570 3013 656 3076 quae
671 3013 730 3074 per
748 2991 917 3055 Christum
933 2991 1028 3054 uobis
1051 3002 1128 3055 sunt
1151 2991 1327 3074 praestita!
1370 2996 1493 3061 etenim

339 3179 349 3214 ι
368 3179 413 3213 uos
424 3180 462 3215 om
476 3164 580 3226 C(corr)
711 3181 727 3225 4
744 3160 839 3211 domini
854 3162 876 3211 C
907 3161 1000 3211 Christi
1011 3177 1027 3209 r
1039 3158 1044 3224 Ι
1058 3160 1153 3212 habitet
1164 3161 1190 3210 in
1201 3177 1226 3211 u.
1240 3129 1403 3214 abundanter.
1415 3164 1494 3215 Ditis.

287 3244 400 3320 simesit,
414 3244 458 3294 dec.
472 3258 488 3290 r
553 3256 566 3307 7
584 3242 652 3307 ipsos
662 3241 746 3291 ΜΗ
817 3241 885 3309 9eis
899 3243 959 3292 CH
962 3259 978 3291 r
1045 3241 1073 3292 16
1090 3243 1132 3308 qui
1145 3243 1153 3304 (
1155 3242 1203 3307 sor
1212 3259 1259 3308 pro
1271 3243 1371 3308 quibus)
1385 3241 1491 3307 Cicerr)

288 3341 317 3375 rr
337 3325 464 3374 Christum
478 3322 584 3387 Cicerr)
683 3335 713 3372 αα
731 3321 757 3370 in
769 3321 819 3387 (ast
828 3323 931 3384 etenim)
943 3323 995 3372 add
1002 3339 1019 3372 r

324 3499 345 3533 ι.
377 3481 490 3532 conuenit
511 3487 650 3544 uos...oper.
671 3485 756 3544 gratos
777 3480 866 3529 habitu
911 3480 954 3531 the
985 3478 1062 3544 Vulg.
1090 3479 1223 3544 rendering
1253 3479 1415 3530 mundaum
1445 3480 1493 3532 hae

287 3576 331 3616 teos
351 3565 407 3627 ost]
440 3561 553 3627 προσήκει
575 3560 636 3624 teet
657 3565 697 3612 iel
718 3565 768 3612 τῶν
789 3567 864 3625 ἔργων
912 3563 992 3626 thrust
1014 3560 1085 3611 itseli
1101 3560 1128 3611 in
1150 3561 1236 3612 before
1256 3561 1346 3623 ditiis,
1369 3561 1421 3612 end
1448 3563 1492 3614 the

288 3646 443 3706 εὐχαρίστους
454 3645 582 3706 φαίνεσθαι
596 3640 631 3705 rei
645 3641 727 3707 τρόπῳ
734 3643 773 3708 (l).
809 3644 866 3694 The
911 3644 985 3694 latter
1001 3643 1070 3693 word
1087 3642 1110 3692 is
1124 3638 1220 3692 treated
1235 3657 1263 3692 as
1278 3643 1321 3692 the
1339 3642 1390 3692 first
1401 3643 1431 3692 os
1447 3643 1491 3696 the

287 3727 421 3793 repetition
439 3727 469 3777 oi
487 3743 530 3778 uos
549 3727 570 3776 is
587 3726 698 3792 possibly
716 3742 731 3776 e
747 3725 865 3792 copyist’s
911 3734 970 3774 next
993 3731 1127 3775 sentences
1157 3724 1302 3774 “ditissime
1324 3725 1355 3775 sit
1378 3725 1487 3792 (iuquit),

287 3827 363 3862 error.
912 3803 976 3856 &c.''
1008 3807 1094 3871 Larga
1119 3804 1236 3856 however
1257 3821 1366 3856 enswers
1393 3807 1419 3856 iu
1446 3809 1491 3860 the

321 3913 344 3956 4.
380 3893 481 3942 uerbum
500 3891 561 3954 Dee]
603 3891 651 3944 See
667 3908 707 3942 vv.
727 3891 752 3942 ll.
796 3891 860 3942 Rab.
911 3903 1003 3938 comm.
1015 3896 1042 3938 to
1054 3889 1181 3937 πλουσίως.

287 3977 333 4028 has
352 3976 469 4027 followed
488 3977 531 4026 the
546 3974 650 4040 reading
665 3974 695 4024 oi
708 3976 752 4026 the
767 3976 864 4040 Vulg.;
946 3983 970 4034 9·
1005 3973 1184 4031 consequentem
1210 3965 1235 4015 α’
1262 3967 1338 4016 defit·
1368 3969 1490 4032 conum]

287 4059 317 4111 oi
325 4061 367 4110 the
377 4059 449 4108 other
459 4065 510 4107 two
521 4057 728 4122 readingslheve
739 4055 864 4121 preferred
912 4049 939 4098 Is
956 4049 997 4108 tlt·
1017 4049 1059 4099 the
1077 4048 1180 4114 ¹0⁸de
1196 4048 1225 4098 ⁰f
1238 4049 1280 4099 the
1298 4049 1384 4110 Mssa
1403 4051 1435 4101 be
1452 4068 1488 4102 re·

287 4142 346 4201 Dei,
360 4141 428 4190 since
441 4139 490 4189 this
504 4138 607 4188 accords
618 4137 678 4187 with
690 4135 789 4187 Thdt.’s
801 4145 860 4197 text,
911 4129 1002 4204 trained,
1016 4130 1090 4180 doctr.
1105 4137 1170 4179 must
1182 4129 1213 4179 be
1225 4129 1333 4194 rejected
1345 4146 1373 4180 as
1384 4146 1399 4180 u
1409 4132 1485 4197 gloss.

287 4223 337 4271 and
349 4221 391 4271 the
402 4219 498 4283 change
508 4219 561 4268 into
571 4217 619 4266 mi
630 4217 712 4267 would
724 4217 787 4267 heve
800 4211 863 4266 been
946 4227 983 4275 13.
1013 4213 1087 4262 illum
1097 4213 1254 4271 intellectum,
1264 4211 1323 4273 dio]
1342 4213 1389 4262 See
1397 4213 1485 4273 above,

288 4303 466 4367 readilyrnade
482 4301 543 4366 bya
559 4300 638 4350 scribe
655 4300 738 4350 whose
755 4315 863 4364 eyewss
910 4311 978 4345 one.
991 4295 1043 4361 tu

287 4381 348 4430 used
360 4389 387 4430 to
400 4379 497 4429 christi
506 4379 532 4428 in
543 4377 593 4428 this
603 4378 684 4443 place.
946 4375 982 4427 16.
1015 4385 1107 4440 semper
1118 4373 1233 4440 (inquit).
1245 4375 1303 4437 dre]
1330 4376 1381 4426 For
1390 4391 1405 4426 a
1415 4375 1489 4430 fuller

320 4458 448 4519 ditissime]
498 4457 546 4507 See
576 4473 616 4505 vv.
646 4458 672 4507 ll.
726 4459 756 4506 In
796 4458 861 4507 Rab.
909 4459 1048 4522 exposition
1060 4474 1101 4506 see
1112 4473 1136 4522 p.
1156 4461 1208 4518 182,
1222 4458 1240 4506 l.
1254 4471 1276 4521 5,
1291 4474 1327 4522 sq.
