3332 5210
190 380 247 444 IV.
265 380 327 465 24]
598 396 639 446 ru
665 397 715 448 ar.
739 395 790 447 no
813 395 989 449 onan‘rns.
1352 395 1394 463 79

187 569 370 636 secundum
397 571 566 638 Christum
593 578 653 648 est,
681 568 772 634 illam
800 590 887 653 quae
915 589 975 652 per
1003 568 1145 652 gratiam
1171 569 1321 652 peperit:
1353 589 1393 633 eo

186 674 277 757 quod
302 683 337 738 et
359 674 530 738 uerissime
552 672 709 756 impletur
732 673 765 736 in
796 673 860 736 illis
885 674 942 756 qui
969 671 1072 737 semel
1099 673 1315 736 resurrexisse
1345 673 1393 736 ui-

188 775 316 851 dentur,
340 775 396 858 qui
421 796 481 858 per
499 775 641 858 gratiam
665 782 798 857 praeter
820 795 955 838 omnem
976 794 1071 856 spem
1096 772 1278 837 secundam
1300 773 1392 838 illam

187 884 370 957 expectant
396 877 617 940 natiuitatem.
663 877 708 941 ob
734 875 821 939 hanc
847 875 950 959 igitur
974 876 1097 940 edixit:
1130 883 1313 956 quaesunt
1332 885 1395 956 per

186 974 376 1057 allegoriam
413 976 523 1040 dicta:
559 974 789 1060 †allegoriam
827 998 951 1041 uocans
985 976 1077 1041 illam
1108 977 1424 1059 comparationem5

187 1098 274 1160 quae
297 1100 341 1142 ex
365 1079 492 1143 dudum
516 1079 611 1145 iactis
630 1080 772 1163 negotiis
793 1081 978 1165 comparari
1001 1089 1133 1165 poterat
1152 1080 1215 1144 illis
1236 1100 1322 1162 quae
1348 1081 1392 1146 ad

187 1199 345 1262 praesens
367 1179 478 1283 suntl*⁸
518 1182 606 1247 unde
624 1191 657 1246 et
673 1181 775 1246 adicit

252 1306 329 1371 loaec
341 1317 449 1372 autom
464 1321 544 1374 sunt
553 1310 617 1374 duo
631 1319 820 1373 testamenta
831 1331 847 1385 ,·
869 1331 972 1374 uorum
988 1309 1116 1393 quidem
1139 1330 1161 1374 a
1175 1319 1281 1374 monle
1297 1309 1392 1391 Sina,

187 1412 223 1476 iro
237 1413 425 1476 seruitutem
437 1434 606 1496 generans,
621 1433 705 1496 quae
717 1422 765 1477 est
777 1413 887 1495 Agar.

253 1539 338 1603 tales
363 1541 487 1604 etenim
512 1550 598 1605 sunt.
643 1540 687 1604 ad
711 1533 792 1603 illud
816 1548 928 1604 autem
955 1538 1040 1604 redit
1064 1538 1155 1622 quod
1182 1538 1291 1604 dixit:
1312 1560 1450 1622 quaero

185 1650 333 1722 suntper
345 1641 536 1724 allegoriam
547 1642 650 1716 dicta:
667 1651 703 1706 ut
719 1641 775 1705 sit:
791 1641 886 1704 ‘haec
902 1642 990 1705 enim
1007 1650 1084 1705 sunt
1100 1642 1168 1705 duo
1182 1650 1394 1720 testamenta,

186 1757 365 1830 quaesunt
381 1767 440 1829 per
454 1747 647 1829 allegoriam
663 1746 770 1810 dicta?
805 1746 878 1809 uult
895 1754 1008 1808 autem
1028 1746 1138 1809 dicere
1153 1744 1311 1828 quoniam
1335 1765 1395 1830 per

187 1849 382 1932 allegoriam
412 1849 556 1912 similare
581 1849 704 1932 poterit
730 1849 804 1931 quis
830 1847 894 1910 illis
919 1847 1061 1925 duobus
1087 1846 1121 1910 id
1152 1857 1214 1927 est,
1239 1847 1336 1930 Agar
1359 1858 1394 1911 et

188 1952 315 2026 Sarrae,
332 1952 399 2014 duo
415 1959 636 2029 testamenta;
659 1952 706 2014 ita
723 1959 759 2013 ut
774 1951 818 2013 sit
840 1949 936 2032 Agar
958 1949 1095 2032 quidem
1118 1949 1151 2013 in
1174 1950 1290 2013 ordine
1313 1949 1393 2034 legi-

188 2055 345 2116 timorum
361 2062 623 2136 praeceptorum,
640 2052 718 2136 quia
734 2052 835 2117 etiarn
858 2051 916 2114 lex
939 2053 1021 2115 data
1043 2061 1095 2115 est
1118 2051 1150 2114 in
1172 2061 1286 2115 monte
1303 2051 1391 2117 Sina.
1411 2081 1446 2148 15

186 2165 324 2236 generat
349 2165 463 2219 autem
489 2157 522 2219 in
549 2156 753 2220 seruitutem.
799 2153 846 2217 illi
877 2154 966 2218 enim
992 2155 1049 2237 qui
1074 2153 1231 2235 sublege
1256 2175 1392 2218 conuer-

186 2265 302 2330 santur
332 2257 365 2320 in
396 2258 512 2321 ordine
535 2277 706 2322 seruorum
731 2266 765 2321 et
791 2265 971 2340 praecepta
1000 2256 1169 2339 accipiunt
1199 2265 1233 2320 et
1260 2256 1391 2340 legem;

252 2461 490 2551 ἀλληγορίαν
509 2465 666 2532 ἐκάλεσεν
685 2463 742 2548 τὴν
762 2465 797 2530 ἐκ
819 2461 1029 2552 παραθέσεως
1052 2464 1115 2528 τῶν
1135 2461 1196 2545 ἤδη
1219 2459 1394 2545 γεγονότων

185 2563 268 2653 πρὸς
283 2566 325 2632 τὰ
338 2565 483 2652 παρόντα
498 2569 675 2655 σύγκρισιν.

235 2737 251 2782 4
267 2735 294 2770 se
305 2721 367 2770 dixit
382 2720 416 2770 C*
428 2721 463 2770 H
467 2737 519 2770 esse
530 2722 556 2770 d.
571 2697 677 2783 Cicorr)
755 2733 784 2770 ιο
801 2719 868 2770 enim
880 2719 889 2772 l
889 2718 937 2784 for
946 2717 1049 2774 etenim)
1062 2718 1095 2768 H
1157 2733 1186 2782 14
1203 2718 1229 2766 iu
1241 2717 1354 2768 ordinem
1365 2717 1399 2766 H

189 2805 218 2854 18
235 2803 312 2854 Coisl.
325 2820 372 2866 ⁴²04
384 2804 431 2853 l.c.
459 2805 574 2866 θεόδωρος
586 2803 682 2870 (marg.)
695 2805 734 2854 rai
747 2805 822 2853 ἄλλος
833 2803 867 2852 δέ·
886 2803 942 2851 ἀλλ.
957 2799 1051 2865 (φησιν)
1064 2801 1267 2850 temeraverat.

220 2966 243 3017 5.
282 2953 423 3018 allegoriam
446 2954 545 3016 uocum]
585 2954 634 3005 See
653 2961 712 3004 note
731 2969 765 3002 on
813 2951 859 3009 ulo
878 2949 927 2999 ort
942 2947 1009 3012 ὅρους
1026 2949 1086 2997 Σινᾶ
1102 2950 1134 2998 εἰς
1150 2947 1259 2997 δουλείαν
1274 2947 1393 3007 γεννῶσα·

187 3049 212 3098 p.
226 3047 264 3098 73,
278 3034 296 3083 l.
309 3047 347 3097 η.
815 3035 912 3082 δούλους
931 3033 985 3081 τοὺς
1004 3032 1110 3090 ἐννόμῳ
1128 3029 1261 3091 παραθέσει
1285 3031 1334 3077 τῶν
1350 3030 1394 3076 τοῦ

219 3117 242 3166 8.
283 3117 340 3166 haec
355 3123 436 3166 aulem
452 3124 518 3174 mul,
531 3115 589 3179 dte]
625 3116 681 3168 The
698 3133 765 3168 com·
814 3115 1040 3174 μέλλοντοιαὶὢνος
1053 3115 1141 3162 καλῶν.
1169 3112 1252 3172 ἐπειδὴ
1269 3109 1334 3161 οὗτοι
1350 3114 1394 3171 μὲν

187 3205 254 3247 rnent
270 3199 357 3248 '‘tales
368 3199 460 3250 etenim
472 3197 552 3248 sunt'’
564 3215 644 3249 seems
655 3207 681 3248 to
696 3199 765 3250 shew
815 3198 862 3246 ὑπὸ
879 3199 1060 3260 προστάγματα
1077 3195 1149 3256 ὄντες,
1172 3194 1189 3256 ἢ
1206 3197 1394 3259 παραβαίνοντες

186 3279 240 3328 that
257 3279 306 3328 Th.
326 3279 447 3343 regarded
466 3277 537 3329 airas
555 3295 583 3328 as
604 3279 722 3344 referring
738 3287 765 3328 to
815 3278 995 3338 ἐτιμωροῦντοῆ
1006 3279 1167 3340 φυλάττοντες
1176 3279 1323 3327 ἐπαινοῦντα·
1334 3279 1394 3338 ὅπερ

188 3359 276 3424 lisgar
294 3360 345 3408 and
365 3360 453 3410 Sarah.
491 3360 547 3410 The
566 3361 699 3410 translator
719 3360 765 3409 has
815 3355 915 3408 οὖντῶν
926 3361 1016 3410 δούλων
1027 3361 1084 3408 lotor
1095 3361 1153 3409 εἶναι
1165 3361 1322 3421 συμβέβηκεν.

186 3443 302 3492 however
323 3443 433 3493 retained
456 3443 513 3493 laec
534 3443 597 3492 irorn
622 3444 664 3493 the
691 3444 765 3492 Latin
849 3441 971 3491 lanfranc
994 3442 1039 3491 has
1061 3442 1183 3492 collected
1205 3441 1248 3491 the
1275 3457 1346 3492 sense
1368 3438 1397 3491 ol
1424 3490 1431 3511 ,ι

185 3525 305 3581 versione,
323 3525 428 3576 without
451 3525 593 3592 perceiving
611 3526 655 3575 the
674 3525 764 3576 discre-
814 3523 886 3572 Th.’s
896 3538 988 3578 comm.
1000 3538 1034 3572 on
1045 3539 1069 3572 v.
1082 3538 1122 3586 24.
1131 3521 1212 3588 partly
1224 3523 1249 3572 in
1258 3523 1300 3572 the
1311 3523 1395 3572 words

187 3621 267 3670 pancy
281 3605 338 3656 thur
354 3607 500 3656 introduced
517 3608 629 3660 between
646 3616 698 3658 text
714 3609 765 3658 and
815 3604 844 3654 oi
861 3621 906 3654 our
925 3605 1040 3658 version:
1067 3607 1164 3670 “Agar
1182 3607 1273 3655 ancilla
1295 3606 1394 3670 pariens

187 3697 320 3738 comment.
363 3688 485 3752 Possibly‚
497 3688 621 3747 however,
634 3691 694 3740 both
707 3691 765 3742 here
814 3689 950 3737 secundum
967 3703 1038 3737 usum
1056 3695 1157 3737 naturae
1173 3686 1295 3751 significat
1312 3687 1392 3750 legem

186 3767 237 3816 and
248 3767 274 3816 in
287 3767 328 3817 the
340 3767 371 3818 Ο.
388 3769 427 3826 L.,
442 3767 498 3818 laec
510 3769 531 3818 is
541 3770 646 3819 another
659 3769 721 3820 ionn
739 3771 769 3822 oi
815 3783 890 3834 quam
903 3777 986 3819 tenere
998 3767 1091 3819 habent
1104 3771 1147 3833 qui
1164 3768 1190 3816 in
1207 3769 1253 3818 hac
1270 3768 1322 3818 uita
1338 3783 1393 3817 nas·

185 3847 230 3897 the
246 3863 314 3897 nom.
331 3848 367 3914 pl.
385 3847 465 3908 iem:
487 3865 529 3899 see
547 3849 645 3915 Bendp,
666 3851 705 3901 M.
724 3853 762 3912 Ε,
815 3860 903 3901 cuntur
914 3851 1050 3901 secundum
1061 3850 1213 3915 sequentiam
1226 3855 1336 3908 naturae,
1351 3849 1393 3914 qui

186 3939 213 3990 P·
223 3923 265 3987 ⁶42
279 3935 346 3976 ¹¹⁰i0·
815 3935 890 3983 etiam
903 3932 950 3982 sub
962 3933 1016 3996 lege
1028 3932 1189 3981 uersabantur
1201 3931 1227 3980 in
1239 3930 1327 3980 ordine
1344 3947 1392 3980 ser·

223 4023 257 4058 ιι.
289 4007 436 4069 ulsr'l,&c.]
467 4007 494 4058 ἵν’
510 4007 533 4070 ᾔ·
552 4007 623 4059 αὗται
640 4009 690 4074 γάρ
707 4011 766 4062 εἰσιν
815 4021 922 4072 uorum:
950 4015 1012 4064 Sera
1031 4022 1114 4064 autern
1137 4027 1200 4078 quae
1223 4009 1392 4078 pergratiam

187 4090 229 4140 δύο
240 4091 351 4150 ³¹⁶0le
363 4092 573 4153 dhan-romonem
585 4093 622 4153 (i).
815 4095 919 4159 peperit,
940 4094 997 4144 illos
1016 4095 1058 4159 qui
1076 4095 1101 4142 in
1119 4093 1218 4144 Christo
1236 4092 1394 4143 resurrexisse

222 4185 260 4235 ¹3·
290 4170 536 4232 duolos1=duabus2
564 4172 674 4234 Rdnsch,
687 4173 763 4232 Ilala,
815 4177 931 4226 uidentur
947 4193 992 4241 per
1008 4176 1121 4240 gratiam.
1143 4177 1185 4240 qui
1205 4177 1280 4225 etiarn
1297 4181 1395 4239 praeter

186 4268 211 4318 P·
228 4263 282 4315 α17·
816 4275 885 4324 spem
897 4267 1000 4308 naturae
1011 4259 1145 4308 secundam
1157 4265 1289 4323 expectant
1303 4257 1393 4306 natiui-

223 4347 259 4394 ι7·
290 4331 318 4399 'l‘
329 4330 562 4392 “dm-imm]
595 4331 675 4382 500ss
688 4332 762 4382 λζ0111-
817 4346 901 4398 tatem,
915 4339 1006 4403 quibus
1024 4339 1074 4388 iam
1086 4338 1241 4388 circumcisio
1257 4346 1281 4390 et
1298 4337 1393 4388 oblatio

186 4413 239 4462 viii.
262 4427 291 4475 15
309 4413 358 4464 Th.
380 4413 505 4463 remarks:
531 4415 586 4476 περὶ
604 4415 654 4477 γὰρ
672 4416 720 4463 τῶν
741 4417 767 4464 ἐν
817 4420 1158 4486 sacrificiorumsuperuacua
1168 4418 1230 4470 est.”

188 4495 252 4555 νόμῳ
262 4495 331 4555 λέγει
342 4496 380 4544 rai
394 4497 419 4545 ἐν
429 4494 461 4556 τῇ
473 4497 531 4558 πρὸς
542 4496 661 4556 Γαλάτας,
674 4497 710 4546 ὅτι
724 4499 767 4557 μία
