3340 5232
267 325 328 390 186
587 333 819 391 *rnaouoaus
843 335 1135 398 Morsuasrnnus
1282 320 1336 407 [V.
1351 338 1402 402 29,
1419 336 1470 402 302

268 555 272 564 ·
325 511 453 577 sr'cutet
468 509 618 579 christus
630 513 797 579 ecclesiam.
835 525 839 530 ’

326 641 480 722 eoquod
506 649 540 705 et
563 660 682 723 corpus
710 639 833 705 Christi
859 647 911 704 est
934 639 1081 716 ecclesia,
1108 659 1227 722 corpus
1253 657 1333 703 uero
1357 635 1468 702 mariti

262 761 364 821 uxor3
387 753 422 807 et
436 742 668 825 complectitur
682 751 868 824 utmmque,
885 744 1065 807 ostendens
1080 743 1238 825 quoniam
1254 751 1288 806 et
1311 761 1331 804 a
1349 748 1469 804 natura

262 853 296 908 et
319 863 340 906 a
365 843 494 906 ratione
519 844 653 925 pietatis
678 854 793 926 aptum
818 854 870 907 est
893 844 966 920 illis,
987 855 1024 909 ut
1047 845 1191 908 connexi
1216 845 1283 908 suis
1307 845 1469 908 uxoribus

229 945 468 1020 shabeantur„
499 947 623 1009 etenim
645 966 711 1009 non
733 945 884 1009 absolute
907 946 1102 1028 ampliorem
1126 947 1168 1009 ad
1192 947 1280 1009 uiros
1300 946 1379 1011 lecit
1400 965 1467 1008 ser·

262 1065 404 1124 monem,
422 1047 563 1110 incitans
579 1068 636 1110 eos
652 1049 694 1111 ad
711 1048 802 1111 illam
818 1049 991 1112 caritatem
1007 1068 1108 1132 quam
1124 1050 1269 1113 debeant
1289 1069 1368 1132 erga
1389 1067 1468 1110 suas

261 1168 393 1212 seruare
420 1168 558 1227 uxores;
588 1171 629 1213 eo
655 1151 744 1232 quod
775 1150 903 1213 facilius
932 1151 966 1213 hi
997 1151 1163 1233 nuptiales
1192 1150 1283 1233 leges
1312 1169 1468 1232 spernere

262 1260 511 1327 consueuerunt,
525 1270 600 1314 cum
617 1253 690 1315 aliis
701 1273 744 1328 se,
756 1253 997 1334 praetermissis
1007 1255 1075 1315 suis
1085 1253 1254 1328 uxoribus,
1265 1252 1466 1334 permiscen-

262 1361 322 1417 tes
366 1353 524 1435 quoniam
551 1364 663 1417 autem
690 1355 786 1432 dixit,
808 1355 893 1418 sz'cut
911 1362 944 1417 et
966 1353 1115 1420 Christus
1132 1355 1299 1431 ecclesiam,
1321 1352 1469 1436 persistit

210 1475 250 1522 10
263 1458 382 1520 docere
404 1439 561 1540 quoniam
589 1458 680 1522 illam
705 1459 867 1521 rationem
888 1456 991 1522 habet
1008 1475 1095 1520 uxor
1112 1458 1155 1521 ad
1175 1459 1330 1521 maritum
1352 1476 1468 1519 secun·

212 1593 214 1600 ⁴
262 1560 343 1623 dum
370 1561 511 1643 primam
535 1559 790 1642 opificationem,
810 1579 910 1642 quam
933 1561 1082 1623 uindicat
1105 1560 1267 1623 rationem
1289 1559 1426 1623 ecclesia
1447 1577 1469 1620 a

264 1662 397 1728 Christo
405 1685 412 1742 ;
445 1665 493 1727 ita
517 1675 646 1727 utnon
672 1664 824 1727 uideatur
848 1685 934 1727 uane
958 1665 1081 1727 abusus
1107 1663 1207 1727 luisse
1231 1664 1388 1745 exemplo
1411 1663 1469 1727 illo

262 1765 352 1846 quod
368 1766 550 1828 secundum
567 1765 736 1830 Christum
752 1775 786 1828 et
802 1765 974 1829 ecclesiam
991 1776 1049 1830 est.
1094 1767 1216 1829 deinde
1231 1767 1367 1829 adiecit:

270 1903 274 1916 ¹
327 1902 479 1984 quoniam
494 1903 638 1967 membra
651 1924 764 1966 sumus
777 1904 916 1986 corporis
928 1903 1004 1981 eius,
1020 1902 1167 1967 decarne
1181 1902 1250 1966 eius
1259 1913 1290 1967 et
1299 1902 1338 1966 de
1347 1901 1471 1966 ossibus

212 2005 339 2088 iscius.

218 2137 232 2202 t„
247 2178 249 2182 .
329 2121 462 2207 ‘†sicut
478 2127 566 2188 enim
582 2127 692 2208 portio
707 2125 770 2188 tuit
781 2124 881 2188 Adae
896 2125 1015 2189 mulier
1030 2146 1074 2189 ex
1090 2125 1219 2189 ossibus
1234 2125 1305 2188 eius
1321 2133 1355 2189 et
1370 2115 1469 2189 carne

264 2228 335 2292 eius
350 2239 500 2311 sumpta;
523 2231 570 2292 sic
591 2239 624 2293 et
647 2249 708 2292 nos
731 2229 889 2291 dominici
905 2231 1051 2312 corporis
1067 2251 1181 2294 sumus
1197 2233 1355 2308 membra,
1371 2231 1468 2295 sicuti

264 2347 309 2391 ex
327 2341 425 2393 car'ne
441 2331 511 2393 eius
527 2340 560 2394 et
576 2351 620 2394 ex
640 2331 770 2393 ossibus
790 2332 860 2394 eius
881 2328 988 2407 sacti*,
1011 2350 1051 2394 eo
1072 2333 1161 2414 quod
1180 2335 1323 2415 gratiam
1347 2354 1391 2397 ex
1413 2333 1470 2397 illo

265 2431 391 2515 Spiritu
408 2433 464 2515 qui
481 2435 514 2496 in
530 2453 606 2498 eum
623 2443 673 2498 est
689 2434 886 2516 accepimus,
902 2445 940 2499 ut
956 2436 998 2499 ad
1015 2436 1267 2501 similitudinem
1283 2437 1353 2502 eius
1365 2459 1470 2504 resur-

209 2553 252 2603 20
265 2539 445 2603 rectionem
475 2549 509 2603 et
539 2537 812 2601 inmortalitatem
834 2537 1018 2620 potiamur?
1063 2539 1184 2604 deinde
1210 2561 1410 2626 permanens
1435 2543 1470 2607 in

330 2787 442 2873 ὥσπερ
464 2787 561 2874 μέρος
585 2785 709 2877 ἐγένετο
732 2787 790 2852 τοῦ
814 2782 922 2868 Ἀδὰμ
945 2783 965 2866 ἡ
989 2784 1070 2868 γονὴ
1097 2783 1134 2850 ἐκ
1155 2785 1220 2851 τῶν
1243 2780 1348 2851 ὄσπῖν
1373 2777 1472 2848 αὑτοῦ

264 2889 322 2958 καὶ
337 2891 373 2956 ἐκ
387 2893 444 2973 τῆς
459 2889 581 2977 σαρκὸς
595 2887 693 2956 αὐτοῦ
707 2887 882 2972 ληφθεῖσα·
906 2885 1006 2957 οὕτως
1020 2887 1075 2954 καὶ
1096 2885 1188 2969 ἡμεῖς
1202 2889 1259 2953 τοῦ
1275 2885 1471 2952 δεσποτικοῦ

264 2993 414 3076 σώματος
429 2992 528 3076 ἐσμὲν
541 2993 633 3074 μέλη,
645 2991 758 3080 ὥσπερ
774 2990 809 3057 ἐκ
824 2993 881 3073 τῆς
896 2989 1019 3078 σαρκὸς
1034 2989 1134 3056 οὗτοι)
1150 2992 1204 3055 καὶ
1219 2989 1256 3054 ἐκ
1271 2992 1335 3055 τῶν
1349 2986 1473 3056 ὀστέων

264 3094 362 3163 αὐτοῦ
377 3094 550 3180 γεγονότες.
602 3167 605 3172 ,

315 3283 719 3352 4pietatiClconnexisC⁴H
820 3283 966 3333 SseomC
1064 3299 1093 3348 13
1110 3285 1225 3335 adicitC
1334 3283 1475 3352 19eolsvr

265 3368 333 3429 cum)
344 3368 378 3417 H
388 3365 392 3432 1
406 3367 582 3416 resurrectione
595 3373 620 3415 et
631 3363 818 3414 immortalitate
829 3364 863 3413 H
1006 3380 1034 3415 ο1
1049 3381 1086 3431 sq.
1105 3365 1181 3417 Coisl
1197 3380 1253 3428 οο4,
1267 3365 1284 3418 f.
1298 3369 1357 3433 99b
1368 3368 1421 3431 [Cr.
1436 3369 1472 3420 vi.

267 3461 324 3512 205,
337 3448 379 3496 Fr.
395 3445 451 3511 136]
463 3447 575 3510 θεόδωρος
587 3446 612 3495 δέ
624 3452 709 3518 φησιν·
726 3444 808 3508 ὥστερ
818 3447 895 3510 μέρος,
910 3463 931 3496 κ.
940 3463 962 3496 τ.
970 3447 994 3496 λ
1028 3449 1102 3507 μέλος
1114 3447 1170 3512 (sor
1183 3449 1262 3511 μέρος)
1281 3448 1323 3499 Fr.

302 3643 340 3690 ιη
375 3627 405 3676 de
424 3626 560 3676 cam...de
579 3623 679 3687 osst'bus]
713 3625 748 3676 So
767 3623 845 3688 Vulg.
896 3624 949 3675 tion
967 3625 997 3674 os
1017 3625 1135 3676 irenaeus
1156 3625 1189 3686 (v.
1209 3641 1233 3675 ο.
1251 3624 1285 3691 3).
1319 3625 1397 3676 Thdt.
1418 3641 1473 3678 teuc

267 3709 318 3758 and
330 3709 362 3757 Ο.
376 3709 404 3758 L
441 3707 472 3756 ln
488 3706 530 3756 the
545 3721 636 3756 comm.
654 3705 698 3755 the
713 3705 846 3754 translator
895 3723 929 3756 an
940 3707 1049 3758 allusion
1060 3715 1087 3758 to
1095 3708 1158 3757 both
1169 3707 1213 3757 the
1223 3714 1294 3773 great
1302 3708 1473 3760 Sacramenta:

267 3793 313 3842 has
329 3789 443 3840 sorsaken
459 3789 501 3838 the
518 3787 575 3839 lead
586 3787 615 3837 os
627 3787 669 3836 the
686 3787 769 3848 Iatin,
787 3787 846 3836 sub·
897 3787 1008 3850 καθείτερ
1018 3791 1067 3850 γὰρ
1078 3788 1094 3846 ὴ
1105 3789 1157 3837 an
1168 3791 1196 3838 έκ
1206 3791 1249 3838 τοῦ
1257 3787 1337 3849 Ἀδὰμ
1348 3791 1470 3852 ἐπλάσθη,

268 3869 516 3935 stitutingexforde.
896 3866 969 3920 οὕτως
992 3867 1061 3929 ἡμεῖς
1087 3866 1115 3918 έε
1142 3872 1186 3918 τοῦ
1212 3871 1332 3920 δεσπότου
1354 3871 1474 3934 Χριστοῦ·

304 3967 343 4021 19.
376 3951 573 4000 resurrectionem
573 3983 623 3999 .....
623 3954 658 4012 ρο
658 3946 763 4008 tiamur]
796 3945 845 3996 Th.
896 3951 1069 4010 συναπτόμενα
1092 3951 1218 4016 [ruram]
1239 3955 1290 4016 γὰρ
1307 3953 1374 4016 αὐτῷ
1390 3955 1417 4003 έν
1438 3953 1475 4017 τῷ

267 4031 503 4096 characteristically
522 4031 587 4081 finds
605 4030 648 4081 the
666 4029 801 4080 sulfilment
819 4027 850 4078 ol
895 4032 1050 4092 βαπτίσματι
1079 4035 1119 4082 καὶ
1147 4035 1347 4096 comneno«,
1377 4038 1416 4086 tot
1444 4039 1475 4088 τὸ

268 4119 297 4167 έε
306 4117 350 4176 τῆς
361 4115 447 4178 σαρκὸς
459 4112 568 4162 chotin
580 4112 622 4162 the
633 4110 715 4160 future
726 4125 845 4160 rcsurrec·
895 4112 965 4170 σῶμα
986 4108 1060 4160 αὐτοῦ
1081 4113 1192 4171 ἐσθίομεν
1214 4115 1254 4162 καὶ
1274 4116 1303 4164 τὸ
1323 4115 1383 4175 otuu
1400 4117 1475 4166 αὐτοῦ

269 4196 383 4249 fionlile
421 4195 511 4260 Chrys.
529 4193 643 4258 explains
660 4192 703 4242 the
718 4191 802 4241 words
819 4191 846 4240 in
896 4193 1003 4249 πίνομεν.
1040 4194 1105 4243 Lilre
1124 4194 1167 4244 the
1184 4203 1233 4246 rest
1251 4196 1281 4246 of
1298 4195 1342 4246 the
1364 4197 1415 4247 Gk.
1431 4214 1474 4248 ex·

269 4279 394 4329 reference
405 4284 432 4327 to
443 4277 485 4326 the
497 4275 569 4340 Holy
580 4273 712 4338 Mysteries
729 4271 779 4337 (καὶ
795 4273 846 4323 τῶς
896 4275 1011 4339 positors,
1026 4275 1074 4325 Th.
1090 4276 1212 4326 admitted
1227 4277 1333 4328 without
1347 4279 1475 4344 suspicion

269 4363 297 4412 ἐκ
315 4363 358 4422 τῆς
378 4359 481 4420 rapula
507 4359 562 4407 tore
580 4358 634 4406 ὅσοι
650 4356 767 4417 μετέχετε
784 4370 844 4414 puc-
895 4356 938 4406 the
949 4356 1032 4406 clause
1043 4357 1071 4406 έε
1082 4359 1125 4418 τῆς
1136 4360 1232 4420 σαρκός,
1245 4375 1295 4409 m.
1304 4360 1326 4408 λ.

270 4443 375 4506 ruptor),
387 4440 517 4505 following
535 4439 560 4489 in
577 4439 627 4489 this
641 4437 684 4488 the
699 4436 845 4502 iuterpreta-
