3332 5210
282 359 322 425 72
614 357 841 410 rnnononus
866 357 1158 409 norsunsrnuus
1277 341 1416 426 [Nm
1431 343 1485 420 ‘232

282 527 377 608 quasi
391 527 436 592 de
451 525 526 590 tiliis
541 527 680 592 amissis.
725 537 759 592 et
784 528 988 613 ad'plenu'm
1012 529 1040 593 si
1063 528 1137 612 quis
1160 531 1258 594 caute
1275 526 1488 591 'considerare

283 626 431 706 uoluerit,
448 629 598 694 multam'
613 630 805 713 passionum
829 631 976 695 inueniet
999 628 1257 695 mutabilitatem
1279 630 1312 692 in
1331 628 1381 691 his
1399 647 1487 708 quae

281 729 405 812 scripta
424 729 534 811 sunt*
553 742 587 796 et
607 733 742 816 qualem
763 754 814 797 res
836 735 908 816 ipsa
930 754 950 798 a
972 732 1075 796 Paulo
1095 732 1166 796 fieri
1187 732 1367 813 exigebat3
1390 738 1487 793 tanto

281 834 405 898 ardore.
421 836 623 919 praedicato,
639 821 676 901 ut
691 857 807 902 omnes
825 836 959 900 Christo
975 844 1166 920 properaret
1189 834 1315 908 offerre,
1339 833 1485 916 eoquod

248 961 264 1026 5
283 951 317 1003 et
339 959 454 1004 omnes
478 939 613 1005 uolebat
635 942 770 1024 iungere
794 939 927 1005 Christo
950 941 996 1005 ob
1018 960 1187 1003 enormem
1203 937 1361 1002 affectum
1384 956 1484 1020 quem

281 1071 360 1133 erga
386 1071 463 1114 eum
493 1050 617 1116 habere
646 1051 833 1115 uidebatur.
879 1051 960 1115 dicit
986 1062 1102 1115 autem
1129 1051 1288 1134 quoniam
1321 1057 1400 1112 ‘uos
1426 1046 1483 1132 qui

282 1152 348 1234 legi
378 1153 535 1217 oboedire
565 1155 758 1236 promittitis
796 1175 864 1217 non
897 1153 1069 1217 intenditis
1100 1151 1157 1217 illa
1186 1171 1273 1236 quae
1303 1150 1360 1215 lex
1387 1147 1484 1214 dicit.'

281 1256 403 1338 quibus
417 1257 483 1320 ista
498 1257 531 1320 in
546 1256 825 1339 subsequentibus
841 1256 961 1321 adicit:

345 1415 499 1498 scriplum
521 1425 570 1478 est
590 1415 743 1498 quoniam
765 1408 949 1485 ‘Abraham
976 1415 1056 1479 duos
1071 1415 1166 1500 filios
1190 1414 1312 1490 habuit,
1328 1437 1428 1478 unum
1447 1414 1486 1478 de

230 1517 400 1581 roancilla
414 1527 446 1580 et
459 1539 558 1581 unum
573 1518 613 1581 de
629 1513 747 1592 libera!
791 1519 849 1591 sed
862 1510 915 1581 ille
935 1519 1063 1601 quidem
1087 1517 1147 1600 qui
1168 1517 1207 1580 de
1228 1518 1349 1582 ancilla
1367 1517 1487 1600 suerat

279 1618 449 1684 secundum
468 1639 596 1693 carnem
618 1627 716 1690 natus
734 1629 806 1695 ert‚·
827 1611 883 1683 ille
907 1641 981 1692 uero
1004 1621 1063 1703 qui
1083 1621 1247 1686 delibera
1264 1633 1327 1705 per
1343 1621 1484 1704 promis-

279 1740 407 1786 sionem.

344 1861 495 1944 superius
532 1859 659 1924 nullam
689 1881 788 1943 posse
817 1859 941 1932 habere
970 1860 1239 1932 communionem
1268 1861 1377 1943 legem
1408 1879 1483 1923 curn

280 1963 555 2045 promissionibus
583 1963 738 2039 ostendit,
771 1983 811 2034 eo
837 1964 929 2046 quod
956 1963 1012 2034 lex
1044 1964 1180 2046 quidem
1210 1964 1316 2046 exigit
1353 1962 1417 2026 hoc
1447 1970 1484 2025 ut

230 2071 263 2137 ¹5
282 2063 469 2145 impleatur,
498 2065 675 2148 promissio
713 2085 792 2128 uero
824 2065 981 2129 donantis
1012 2065 1209 2147 comprobat
1242 2065 1483 2134 liberalitatem.

281 2185 341 2248 per
366 2166 480 2232 omnia
504 2186 583 2230 uero
607 2167 735 2249 gratiae
762 2167 957 2231 confirmare
981 2169 1174 2250 properauit
1198 2167 1369 2243 rationem,
1393 2168 1483 2230 ideo-

281 2287 347 2356 que
370 2277 404 2331 et
429 2266 505 2331 fidei
531 2276 565 2331 et
586 2269 842 2350 promissionum
865 2268 944 2334 lacit
965 2270 1161 2332 memoriam
1177 2291 1253 2334 cum
1269 2280 1302 2334 et
1317 2270 1382 2333 illis
1398 2290 1483 2352 quae

281 2371 378 2434 nobis
397 2371 513 2434 adesse
533 2393 713 2455 speramus,
757 2373 913 2437 omnibus
933 2382 1045 2437 autern
1065 2373 1130 2436 illis
1151 2394 1170 2436 e
1190 2375 1355 2438 contrario
1373 2374 1484 2458 posuit

281 2470 399 2554 legem,
423 2493 509 2554 quae
532 2475 626 2566 quasi
651 2475 762 2556 aliqua
784 2476 958 2558 sequentia
980 2475 1138 2558 praebere
1161 2475 1293 2539 uidetur
1315 2476 1483 2553 iustitiam,

226 2594 268 2642 20
281 2575 446 2658 siquidem
471 2575 518 2639 eis
541 2579 598 2672 qui
622 2579 775 2661 primitus
796 2579 903 2662 legem
928 2579 1148 2662 impleuerint,
1164 2599 1206 2652 ea
1228 2580 1386 2671 praebere
1408 2600 1483 2662 pro-

281 2677 406 2758 mittit;
430 2677 562 2742 fraudat
586 2701 664 2743 uero
687 2680 819 2757 multos,
842 2691 886 2758 et,
908 2689 944 2744 ut
969 2682 1077 2744 uerius
1100 2681 1218 2758 dicam,
1241 2681 1482 2766 propemodum

280 2801 406 2858 omnes,
441 2791 577 2866 propter
609 2783 898 2866 inpossibilitatem
934 2784 1066 2847 illorum
1103 2785 1161 2867 qul
1199 2784 1306 2868 legem
1346 2782 1481 2864 implere

281 2882 482 2947 adnituntur.
537 2885 613 2948 ideo
637 2885 786 2948 maxime
811 2885 901 2948 illam
929 2907 1016 2969 quae
1043 2907 1087 2950 ex
1113 2889 1221 2968 gratia
1247 2895 1297 2950 est
1324 2885 1481 2948 iustitiam

281 2987 452 3050 meliorem
478 3007 549 3060 esse
574 2988 617 3052 ab
642 2988 698 3052 illa
725 3009 812 3071 quae
839 3011 883 3052 ex
908 2989 982 3072 lege
1008 3000 1067 3064 est,
1084 2989 1191 3069 dixit;
1215 2991 1373 3073 quoniam
1397 2989 1483 3058 banc

226 3111 264 3177 25
281 3111 342 3154 sua
381 3091 580 3156 liberalitate
616 3102 764 3175 praestat
804 3092 906 3168 Deus,
948 3095 1081 3158 nemine
1122 3093 1166 3157 ob
1202 3094 1390 3162 naturalem
1424 3115 1484 3157 ex-

281 3191 374 3254 cluso
400 3193 636 3270 infirmitatem.
681 3195 714 3266 id
743 3194 840 3276 ipsud
867 3205 980 3259 autem
1007 3204 1041 3260 et
1068 3196 1101 3270 in
1131 3197 1407 3278 praecedentibus
1432 3215 1484 3258 os-.

280 3297 422 3360 tendens
441 3318 485 3374 ex
507 3296 564 3374 illa
587 3298 747 3380 parabola
769 3319 855 3381 quae
878 3299 1060 3364 secundum
1076 3299 1250 3363 Abraham
1276 3310 1336 3372 est¹
1358 3319 1486 3368 memo.

280 3410 372 3465 ratus
403 3412 437 3466 et
466 3403 624 3486 quoniam
652 3402 784 3466 luerunt
810 3403 840 3466 ei
870 3403 938 3467 duo
969 3402 1035 3478 filii,
1063 3422 1204 3485 quorum
1235 3401 1319 3465 alter
1347 3410 1486 3465 naturae

280 3508 454 3590 sequentia
477 3515 576 3584 natus
600 3514 659 3582 est,
677 3506 760 3571 alter
783 3525 864 3582 uero
885 3528 945 3590 per
966 3506 1118 3590 gratiam.
1163 3514 1300 3600 propter
1319 3504 1410 3586 quod
1428 3499 1485 3577 lex

280 3733 383 3801 λόσιν.
427 3733 483 3814 καὶΙ
496 3733 581 3816 ’ὅλως
596 3732 742 3820 ἀκριβῶς
757 3761 805 3804 τις
826 3733 1054 3814 σκοπούμενος,
1068 3731 1199 3816 πολλὴν
1220 3726 1282 3799 ἴδοι
1303 3731 1344 3800 ἂν
1367 3734 1401 3802 ἐν
1421 3739 1487 3806 τοῖς

279 3837 507 3924 γεγραμμένοις
522 3839 585 3904 τῶν
599 3835 716 3904 ποθῶν
731 3839 790 3920 τὴν
805 3838 997 3923 &vultuata

332 4011 343 4044 r
361 4002 386 4044 et
404 3993 437 4043 ad
454 3993 556 4059 plenum
573 3993 608 4041 bis
622 3991 660 4042 C*
803 3993 928 4043 amutab.
952 3993 1036 4042 inuen.
1056 3991 1091 4040 H
1216 4005 1230 4054 5
1254 3991 1376 4042 inormem
1403 3991 1442 4042 C*
1460 3991 1493 4041 H

281 4079 295 4126 8
312 4076 366 4126 istis
380 4075 418 4124 C*
430 4075 464 4124 H
560 4085 586 4122 rr
605 4073 821 4139 repromissionem
833 4075 867 4123 H
963 4087 990 4137 17
1008 4089 1064 4122 curn
1077 4073 1126 4123 illls
1137 4080 1161 4122 et
1176 4073 1198 4122 C
1208 4075 1284 4136 (rm)
1369 4085 1399 4134 25
1417 4087 1487 4122 suam

281 4157 453 4208 liberalitatem
473 4153 513 4206 C*
525 4153 570 4219 ΙΙΙ
586 4157 710 4206 neminem
726 4157 764 4206 C*
779 4155 783 4220 Ι
799 4157 832 4206 ob
843 4158 950 4206 naturali
961 4158 1022 4207 exet.
1035 4156 1179 4206 infirmitate
1190 4157 1224 4206 H
1324 4155 1355 4206 26
1371 4157 1453 4220 ipsum
1468 4155 1489 4204 C

281 4241 355 4302 tcorr)
367 4240 402 4289 H
507 4240 539 4288 28
556 4239 579 4288 ei
589 4255 628 4288 om
640 4239 674 4288 H
767 4254 798 4304 29
817 4239 854 4288 lex
866 4241 941 4290 omC

313 4405 336 4446 4.
358 4386 506 4448 praedicato]
519 4385 859 4450 Pitra:“sortepraedicat.”
944 4390 983 4438 28.
1017 4395 1124 4438 natiuae
1137 4387 1272 4452 repetentia]
1298 4386 1427 4448 ἀκολουθίᾳ
1444 4383 1487 4448 pri·

316 4483 325 4516 ι
330 4483 352 4531 3,
377 4469 631 4533 superius...ostendit]
645 4469 686 4520 Cr.
696 4485 717 4522 c.
727 4471 762 4519 iii.
774 4473 811 4528 18,
820 4486 856 4536 sq.
910 4483 982 4520 oeus:
1000 4470 1032 4519 el.
1045 4487 1071 4535 p.
1086 4469 1123 4534 78,
1138 4469 1164 4520 ll.
1181 4483 1217 4532 15,
1232 4485 1270 4530 ²4·
