3332 5210
264 397 325 462 1²4
586 392 814 446 rrrsonoaus
838 393 1132 445 mopsuestenus
1382 377 1421 462 [Ι.
1441 392 1469 459 5.

259 563 335 628 liter
352 561 440 626 enirn
464 570 498 627 et
521 561 584 626 hoc
605 561 765 646 superiori
781 563 890 627 sensui
907 583 1100 626 connexum
1115 583 1187 627 esse
1202 562 1343 627 uidetur.
1388 581 1467 625 nam

260 665 401 728 aiterum
417 663 555 742 iliorum,
573 665 606 728 id
630 675 688 740 est,
710 673 845 741 sanctos,
866 675 898 728 et
918 675 957 729 ut
968 666 1038 729 sint
1052 664 1263 742 immauchti,
1278 664 1379 728 etiam
1396 663 1469 727 sola

260 775 371 848 potest
400 767 508 848 gratia
534 767 709 830 tribuentis
732 768 872 831 ostendi.
917 764 1021 848 †narn
1052 766 1194 830 filiorum
1224 767 1362 849 adoptio
1392 787 1469 848 pro-

259 869 456 951 pinquitatis
482 889 640 952 magnam
668 870 817 935 uindicat
842 869 1099 948 ostensionem,
1125 891 1225 954 quam
1254 881 1289 934 et
1317 871 1468 933 omnium

228 981 244 1046 5
260 974 423 1037 bonorum
439 974 586 1054 sequitur
602 974 706 1055 copia.
750 994 817 1057 quo
833 975 921 1038 enim
938 976 1061 1056 poterit
1076 975 1220 1039 fraudari
1236 977 1325 1039 bono
1341 974 1395 1037 ille
1410 973 1468 1056 qui

260 1076 363 1142 semel
379 1077 411 1138 in
428 1077 578 1140 ordinem
595 1075 652 1139 filii
669 1077 767 1141 fuerit
782 1077 912 1142 sactus?
934 1079 998 1142 hoc
1017 1080 1106 1143 enirn
1130 1079 1235 1144 uoluit
1253 1081 1370 1157 dicere,
1386 1100 1470 1161 quo·
1492 1075 1496 1084 ’

261 1178 351 1241 niam
371 1178 466 1261 elegit
485 1199 541 1240 nos
559 1197 627 1241 non
645 1179 796 1243 absolute
811 1181 870 1243 sed
887 1179 922 1243 r'n
936 1181 1076 1245 caritate
1083 1204 1099 1256 ,·
1127 1191 1161 1245 et
1182 1183 1329 1246 ostendit
1343 1191 1471 1244 sanctos

260 1288 292 1342 et
312 1277 536 1342 immaculatos
555 1279 680 1343 faciens
701 1290 936 1345 nos—tantam
964 1283 1060 1345 nobis
1087 1283 1129 1346 ad
1156 1281 1247 1345 ilium
1276 1281 1467 1365 propinqui-

260 1391 365 1446 tatem
386 1383 534 1447 donauit.
586 1385 713 1465 optime
739 1395 851 1448 autem
876 1405 1065 1449 memorans
1083 1384 1235 1468 filiorum
1260 1385 1467 1466 adoptionem,

209 1501 249 1550 10
261 1485 474 1549 coniunxisse
482 1479 553 1549 'iilis
569 1488 659 1550 uisus
673 1497 725 1550 est
732 1498 795 1568 per
807 1486 915 1551 Iesum
931 1487 1118 1564 Christum
1139 1510 1179 1552 eo
1194 1491 1283 1572 quod
1300 1510 1359 1572 per
1375 1489 1467 1553 iilum

261 1589 357 1652 nobis
373 1589 579 1670 regeneratio
593 1608 726 1670 quoque
744 1598 779 1653 et
798 1589 942 1672 Spiritus
957 1591 1148 1673 adoptionis
1166 1590 1308 1655 filiorum
1324 1593 1468 1656 donatus

261 1715 334 1758 esse
354 1695 494 1759 uidetur.
534 1715 612 1758 nam
638 1695 727 1775 quod
747 1695 837 1758 dixit
857 1693 892 1757 in
912 1695 1027 1775 ὴνειιτιι,
1050 1696 1093 1759 de
1110 1695 1185 1758 Deo
1201 1696 1304 1774 dixit;
1325 1695 1392 1758 hoc
1406 1704 1467 1772 est,

202 1790 205 1796 ’
262 1803 317 1863 ‘ut
331 1798 402 1862 eius
416 1798 546 1862 dicatur
561 1797 664 1862 filius!
709 1799 866 1879 quoniam
883 1819 963 1881 ergo
978 1800 1082 1863 dixit:
1097 1799 1338 1881 praeordinans
1357 1821 1414 1864 nos
1432 1800 1470 1864 in

251 1900 407 1985 filiorum
419 1899 626 1982 adoptionem,
645 1900 806 1964 incertum
822 1909 935 1964 autem
951 1909 1022 1964 erat
1037 1901 1130 1964 cuius
1145 1902 1270 1966 diceret
1290 1901 1375 1965 filios
1396 1921 1469 1964 esse

210 2019 246 2086 15
262 2002 458 2086 adoptiuos;
480 2003 602 2066 adiecit
616 1999 679 2083 †z'n
699 2002 813 2085 ipsum,
828 2001 894 2064 hoc
908 2011 967 2080 est,
985 2003 1036 2066 ‘in
1052 2002 1102 2065 sui
1118 2003 1240 2085 ipsius‚'
1256 2013 1293 2067 ut
1308 2002 1395 2066 iliius
1411 2001 1469 2064 filii

262 2115 297 2168 et
316 2105 467 2168 dicamur
481 2114 515 2167 et
530 2101 788 2186 nuncupemur*

327 2207 496 2270 etiterum
512 2227 647 2288 augens,
662 2205 744 2270 illud
761 2206 865 2271 dicit:

326 2353 498 2417 secundum
513 2352 629 2418 bonum
637 2354 798 2436 placitum
813 2354 994 2418 uoluntatis
1008 2355 1084 2420 σίνε.

326 2468 390 2552 †ut
411 2472 502 2536 dicat
515 2473 675 2555 quoniam
692 2472 807 2538 ‘uaide
822 2473 947 2556 placita
963 2473 1096 2538 suerunt
1112 2473 1150 2550 ei,
1166 2483 1203 2538 ut
1223 2473 1287 2537 ista
1307 2493 1385 2556 erga
1407 2494 1470 2536 nos

208 2597 253 2648 20
264 2576 449 2656 ordinaret;
471 2586 504 2642 et
515 2575 614 2641 ualde
630 2575 736 2642 uoluit
751 2577 784 2640 in
800 2575 852 2640 his
868 2598 929 2640 nos
944 2577 1123 2660 participes
1139 2575 1228 2642 fieri’
1273 2576 1360 2640 sicut
1380 2577 1469 2639 enim

264 2679 336 2744 sola
351 2679 461 2762 specie
474 2679 654 2763 gratiarum
671 2680 810 2744 actionis
826 2679 884 2744 illa
904 2680 1027 2756 dicens,
1043 2680 1134 2743 omni
1156 2700 1200 2743 ex
1222 2689 1316 2762 parte
1336 2678 1471 2742 auxisse

264 2785 396 2850 uidetur
432 2782 594 2848 sactorum
624 2783 765 2867 gratiam
796 2783 1028 2866 magnitudine
1058 2780 1197 2847 rerum*
1257 2781 1324 2847 tale
1354 2791 1406 2846 est
1436 2792 1470 2847 et

329 2973 523 3055 οἰκειότητος
536 2975 599 3062 γὰρ
614 2974 780 3060 ἀπόδειξιν
794 2975 865 3064 ἔχει
880 2979 985 3042 ταῦτα
999 2974 1166 3060 μεγίστην.

330 3078 368 3145 τὰ
383 3077 418 3145 δὲ
433 3078 474 3145 eie
490 3082 598 3154 airon·
615 3077 668 3145 ivo
681 3077 784 3145 αὐτοῦ
799 3078 861 3145 υἱοὶ
876 3077 1049 3162 λεγώμεθα
1063 3103 1099 3144 τε
1113 3077 1168 3143 καὶ
1182 3076 1441 3167 γρηματίζωμεν.

209 3197 249 3265 25
331 3180 382 3248 ἵνα
398 3182 473 3267 εἴπῃ
488 3181 538 3247 ὅτι
552 3180 682 3267 σφόδρα
695 3179 810 3266 ἤρεσεν
827 3179 918 3269 αὐτῷ
938 3186 1043 3248 ταῦτα
1065 3181 1143 3267 περὶ
1163 3180 1248 3265 ripaeis
1269 3180 1473 3269 διαπράξασ-

265 3284 332 3352 θαι·
356 3283 399 3356 ὣς
420 3284 482 3370 γὰρ
505 3285 539 3350 ἐν
560 3283 775 3375 εὐχαριστίας
793 3285 1008 3374 προσχήματι
1028 3285 1136 3369 λέγων
1158 3283 1248 3362 αὐτά,
1263 3284 1474 3374 πανταχόθεν

265 3389 354 3472 αὔξει
367 3390 434 3455 τῶν
447 3387 626 3472 γεγονότων
641 3387 700 3468 τὴν
714 3385 817 3476 χάριν
832 3390 879 3475 τῷ
893 3387 1024 3472 μεγέθει
1039 3389 1104 3454 τῶν
1118 3385 1328 3474 πραγμάτων.

317 3555 327 3590 1
346 3538 467 3590 sensuli*
549 3539 697 3590 asanctitas
711 3537 887 3605 Cs'citios(sr'c)
899 3541 935 3589 H
1029 3538 1082 3604 5,6
1098 3540 1164 3590 enirn
1175 3555 1214 3588 om
1229 3539 1252 3590 C
1350 3553 1381 3590 to
1397 3538 1434 3589 illi
1446 3539 1479 3588 H

268 3634 298 3683 15
310 3621 365 3685 ipsa
377 3619 470 3685 (sinin
480 3619 573 3686 ipsum)
585 3621 619 3670 Η
678 3624 708 3672 18
725 3623 880 3672 uoluntatem
895 3619 929 3670 θ’
997 3636 1028 3672 aa
1044 3623 1125 3687 gratia
1136 3622 1169 3672 H
1179 3620 1185 3686 Ι,
1197 3621 1394 3686 magnitudinem
1409 3619 1480 3670 O'H

268 3719 298 3765 a4
310 3703 443 3766 λεγοίμεθα
453 3703 510 3753 eod.
522 3703 572 3753 and
584 3703 643 3753 edd.
759 3719 790 3769 25
802 3719 839 3770 sq.
859 3704 939 3756 Coisi.
952 3718 1000 3767 τοι
1011 3706 1028 3756 i.
1041 3720 1069 3770 5¹
1083 3721 1098 3755 a
1109 3705 1163 3770 [Cr.
1175 3705 1208 3755 ri.
1225 3706 1278 3767 108,
1293 3706 1336 3754 Fr.
1352 3705 1408 3769 τρι]
1420 3704 1472 3754 θεό-

228 3853 232 3862 A
267 3785 376 3848 δωραεδέ
391 3790 473 3845 φησιν·
491 3785 529 3834 ἵνα
543 3785 610 3846 εἴη,
623 3787 703 3836 ami.

266 3917 334 3982 quod
356 3917 417 3967 dicit
436 3917 554 3982 filr'onrm
581 3919 733 3982 adoptatum
760 3919 793 3969 ab
815 3934 847 3970 eo
929 3935 968 3970 ao.
1004 3919 1066 3968 sicut
1079 3919 1144 3968 mim
1159 3919 1218 3980 sola,
1234 3917 1292 3979 dre]
1326 3917 1475 3967 Condensed

267 3999 335 4064 quod
346 3999 441 4049 dixerat
452 4006 546 4049 sanctos
555 4007 579 4049 et
589 3998 786 4050 r'mnraculatos.”
896 4002 930 4066 by
942 3999 1066 4051 Laniranc
1080 4001 1131 4050 and
1147 4001 1241 4050 Robert
1257 3999 1287 4048 oi
1299 3999 1345 4048 B.:
1363 3999 1476 4049 “uolens

301 4098 340 4146 1³·
365 4083 482 4147 quoniam
489 4083 759 4148 ergo...nuncrrpemur]
770 4083 845 4134 Cited
896 4099 926 4133 ex
943 4082 1011 4132 omni
1028 4089 1098 4147 parte
1114 4081 1161 4131 ista
1178 4080 1296 4131 extollere
1313 4080 1381 4145 quod
1400 4080 1477 4144 digna

228 4213 231 4220 ,
265 4163 301 4227 by
323 4162 455 4224 hostane,
476 4163 538 4214 with
559 4179 575 4214 a
596 4163 645 4214 iew
666 4165 752 4214 verbal
771 4165 845 4214 omis-
895 4172 953 4214 sunt
968 4163 1136 4227 [÷multaR]
1155 4162 1290 4227 gratiarum
1305 4161 1412 4220 actione,
1430 4160 1476 4210 ire-

265 4244 342 4295 sions.
896 4253 1000 4310 quenter
1011 4245 1072 4294 dicit
1087 4244 1330 4308 praeordinationem
1344 4241 1400 4306 [per
1410 4241 1476 4291 ordi-

301 4336 339 4386 15.
374 4324 469 4386 horat,
482 4324 662 4390 insuir'prius]
689 4326 783 4377 'I'hdte
801 4324 844 4376 τὸν
895 4326 1056 4376 nationemL
1074 4321 1145 4388 (ed.)]
1161 4321 1423 4388 [praedestinationem
1440 4321 1477 4382 R]

185 4453 189 4460 .
267 4407 361 4469 πατέρα
378 4407 454 4468 λέγει·
475 4408 528 4456 ani
547 4407 600 4458 rui·
633 4409 673 4458 ῐνα
694 4405 766 4458 αὑτοῦ
785 4426 844 4472 χρη-
895 4413 920 4458 et
939 4407 1033 4458 bonum
1051 4406 1171 4470 placitum
1186 4407 1254 4468 [ψει
1270 4404 1426 4470 propositum
1440 4403 1476 4466 R]
1578 4409 1581 4416 '

265 4486 399 4545 ματίζαμεν
409 4487 461 4538 utet.
895 4496 920 4538 et
932 4486 1084 4570 uoluntatem
1096 4485 1164 4548 [÷et
1176 4483 1306 4535 consilium
1318 4483 1378 4546 W
