3332 5210
301 408 362 476 130
622 403 850 456 ruaononus
874 403 1165 457 uorsuasrauus
1395 385 1434 472 [Ι.
1455 403 1502 452 10.

297 593 417 665 corpus
444 587 634 663 separatum
660 580 860 645 solutionem
886 580 1068 664 plenariam
1096 579 1289 645 sustinebat.
1329 577 1505 642 'dissolue-

297 685 396 749 batur
411 705 490 766 ergo
505 684 686 746 secundum
707 683 771 747 hoc
791 693 960 748 creaturae
980 683 1157 767 copulatio,
1200 682 1313 746 omnia
1333 703 1413 764 ergo
1432 690 1503 744 tam

297 789 355 857 illa·
375 808 462 873 quae
481 788 516 850 in
531 786 632 850 caelis
655 796 740 863 sunt,
763 807 864 868 quam
888 807 974 869 quae
998 807 1098 870 super
1118 798 1249 865 terram,
1271 779 1504 858 ‘instaurauit,'

299 888 367 970 (uel
397 872 509 971 potius
539 887 817 972 ‘recapitulauit')
849 887 902 952 in·
916 885 1054 964 Christo,
1086 889 1181 973 quasi
1211 889 1382 971 quandam
1411 905 1503 949 com-

249 997 281 1066 -5
298 993 495 1074 pendiosam
536 991 785 1056 renouationem
817 1001 851 1056 et
887 993 1201 1074 redintegrationem
1240 993 1342 1056 totius
1378 991 1504 1054 faciens

251 1083 254 1088 ’
298 1101 468 1156 creaturae
492 1107 550 1173 per
580 1111 666 1158 eum.
718 1092 843 1156 faciens
873 1095 962 1156 enim
992 1096 1218 1176 incorruptum
1248 1113 1368 1176 corpus
1394 1101 1428 1154 et
1455 1091 1503 1153 in-

298 1195 455 1277 passibile
481 1215 540 1276 per
569 1197 849 1271 resurrectionem,
879 1206 913 1258 et
951 1197 1092 1260 reddens
1130 1197 1210 1260 illud
1248 1197 1291 1260 ad
1329 1193 1505 1258 inmortale

298 1317 378 1360 suae
396 1297 537 1372 animae,
552 1296 599 1360 ita
619 1306 656 1360 ut
676 1296 762 1360 ultra
778 1297 820 1360 ad
840 1297 920 1360 illud
937 1297 1081 1379 separari
1100 1319 1166 1361 non
1183 1297 1289 1381 possit
1304 1305 1505 1377 corruptum,

299 1401 472 1464 uniuersae
496 1409 665 1464 creaturae
694 1399 862 1464 uinculum
893 1401 1058 1464 amicitiae
1088 1403 1178 1464 uisus
1208 1411 1259 1466 est
1288 1401 1504 1464 condonasse.

246 1522 286 1571 10
299 1504 389 1587 quod
415 1514 448 1567 et
473 1503 579 1567 multo
605 1502 748 1586 amplius
774 1505 809 1568 in
836 1503 910 1586 ipso
936 1503 1060 1567 factum
1082 1514 1141 1582 est,
1163 1505 1255 1568 omni
1285 1514 1434 1567 creatura
1459 1501 1502 1564 ad

299 1605 380 1670 illud
396 1626 457 1669 nos
473 1606 676 1688 inspiciente,
695 1616 832 1688 propter
853 1605 1096 1670 inhabitantem
1120 1606 1231 1670 Deum
1246 1605 1404 1679 Verbum,
1421 1605 1503 1667 dum

298 1708 413 1772 diuina
428 1708 461 1771 in
479 1707 571 1771 illum
587 1717 705 1771 natura
721 1708 764 1771 ab
784 1701 939 1771 omnibu's
961 1729 1021 1791 per
1040 1707 1126 1772 hanc
1147 1709 1356 1772 existimatur
1376 1706 1505 1771 intueri.

298 1807 385 1872 hanc
415 1829 494 1891 ergo
524 1808 814 1890 ‘capitulationem
844 1808 1012 1873 omnium’
1038 1812 1180 1886 uocauit,
1208 1831 1248 1874 eo
1274 1810 1363 1891 quod
1391 1809 1506 1872 omnia

298 1914 437 1978 collecta
453 1922 531 1977 sunt
547 1913 580 1976 in
601 1933 713 1989 unum,
729 1923 762 1978 et
783 1914 825 1977 ad
849 1934 951 1977 unum
973 1915 1143 1996 quoddam
1168 1913 1354 1996 inspiciunt,
1370 1933 1505 1976 eoncor-

247 2036 283 2104 15
299 2021 418 2084 dantes
448 2018 529 2098 sibi;
566 2037 606 2079 eo
636 2018 725 2098 quod
755 2016 842 2082 hanc
871 2018 1090 2081 intentionem
1120 2017 1200 2081 olim
1232 2017 1359 2099 Opisex
1388 2015 1506 2079 habuit

299 2135 333 2190 et
356 2123 493 2189 adhoc
523 2121 682 2186 omniaa
706 2121 869 2205 principio
894 2123 1091 2198 construxit,
1115 2123 1205 2205 quod
1236 2141 1324 2184 nunc
1354 2118 1506 2203 impleuit

299 2247 377 2290 cum
414 2225 520 2289 multa
556 2222 724 2299 facilitate,
754 2224 788 2286 in
818 2223 882 2286 illis
911 2244 998 2306 quae
1028 2243 1107 2306 erga
1145 2223 1314 2288 Christum
1352 2221 1505 2284 extitisse

300 2329 464 2394 uidentur.
506 2325 572 2390 hoc
597 2335 710 2390 autem
740 2327 774 2390 in
804 2326 915 2390 futuro
940 2327 1074 2390 saeculo
1097 2326 1167 2401 erit,
1191 2324 1327 2408 quando
1352 2321 1506 2411 homines

348 2531 364 2580 8
380 2527 473 2594 sperari
487 2525 560 2578 C‘H
677 2543 715 2590 ro,
732 2543 759 2578 rr
779 2543 880 2578 omnem
892 2535 1029 2578 creaturam
1039 2527 1073 2579 ad
1085 2525 1147 2578 illud
1157 2525 1331 2594 inspicientem
1346 2525 1368 2575 C
1387 2541 1412 2576 ο.
1424 2540 1460 2576 cr.
1472 2525 1506 2587 ad

300 2609 364 2660 illud
375 2625 421 2659 nos
432 2609 605 2674 inspicientem
617 2609 652 2660 H
725 2625 754 2673 14
771 2609 863 2660 collata
873 2610 907 2660 H

333 2791 357 2842 8.
390 2791 429 2840 ad
441 2791 520 2854 illud]
555 2791 627 2842 Read
649 2791 759 2856 perhaps
775 2791 806 2840 ab
823 2792 877 2841 ι’ίίν.
928 2788 1108 2842 thannim
1117 2789 1441 2858 dreredchmdronro(clting
1449 2791 1507 2844 Col:

301 2872 370 2923 Pitra
380 2872 465 2923 would
476 2873 538 2922 omit
549 2873 585 2922 ad
590 2872 663 2936 (spir.
672 2873 769 2922 Solem.
781 2872 798 2920 i.
811 2871 878 2934 5682.
927 2873 945 2922 i.
959 2870 1008 2937 το).

333 2971 358 3020 9.
392 2956 522 3006 uniuersae
537 2962 663 3006 creaturae
678 2954 819 3016 uinarlum]
837 2953 878 3004 Cf.
963 2965 1000 3004 10.
1033 2953 1104 3002 onrrrr'
1132 2960 1245 3002 creatm
1276 2952 1425 3018 inspiciente]
1458 2953 1508 3004 See

301 3037 349 3088 Th
365 3053 398 3088 on
410 3039 485 3087 Rom.
501 3037 518 3087 l.
533 3053 562 3098 c.,
581 3039 649 3098 μενεῖ
661 3035 733 3097 ptri
751 3034 881 3088 καθόλου
929 3049 969 3084 vv.
982 3033 1011 3083 ll.
1023 3035 1073 3084 and
1085 3034 1116 3084 cf.
1129 3051 1153 3100 p.
1172 3049 1224 3100 153,
1239 3036 1256 3085 l.
1273 3048 1310 3098 ¹5·
1345 3037 1429 3085 Pitra:
1444 3036 1507 3085 “di-

301 3121 460 3178 σύνδεσμον
492 3119 602 3169 διάλυσιν
633 3118 742 3178 οὐδεμίαν
769 3115 880 3181 &retexi-
928 3133 996 3167 ceres
1011 3117 1052 3166 hic
1066 3133 1120 3166 esse
1135 3118 1260 3182 quoddam
1278 3115 1420 3167 absolutum
1436 3132 1508 3166 accu-

301 3217 370 3260 μενοε
391 3197 434 3250 τοῦ
455 3201 549 3264 λοιτοϋ,
569 3202 635 3260 μενεῖ
656 3203 683 3250 δὲ
704 3202 820 3264 ἄρρηκτος
839 3203 880 3251 καί
928 3197 1044 3248 sativum.
1078 3195 1130 3246 Sed
1141 3197 1291 3246 correximus
1302 3203 1507 3261 expungentem

301 3283 335 3343 τῇ
348 3283 425 3332 κτίσει
440 3283 499 3345 τρία
513 3283 601 3342 ἑαυτὴν
615 3281 632 3342 η’
647 3283 726 3344 φιλία.
760 3283 823 3332 Also
835 3283 880 3333 the
929 3280 1038 3344 ubique;
1066 3295 1122 3329 eam
1139 3280 1205 3329 enim
1220 3279 1328 3329 litterum
1346 3279 1450 3328 uetustis
1466 3295 1507 3328 co·

301 3363 426 3429 fragment
447 3365 548 3428 already
570 3363 676 3415 referred
702 3372 732 3414 to
753 3364 780 3413 in
801 3365 878 3418 Thdt.
928 3361 1025 3412 dinibus
1046 3369 1139 3410 temere
1160 3361 1267 3426 inspergi
1287 3369 1312 3410 et
1334 3361 1359 3411 in
1381 3360 1432 3410 fine
1453 3376 1508 3411 uer·

304 3442 444 3510 (quentin
458 3443 542 3509 Gen.):
560 3443 682 3508 πρόδηλον
695 3445 774 3493 τοίνυν
787 3446 825 3494 ὅτι
840 3445 881 3494 ἕνα
929 3444 1018 3493 borum
1045 3443 1188 3508 saepissime
1215 3443 1342 3492 abundare
1369 3441 1442 3492 multi
1463 3456 1509 3491 no·

303 3525 394 3586 κόσμον
414 3529 562 3576 ἀποτελέσαι
585 3528 614 3576 τὸ
639 3529 737 3586 σύμπαν
756 3529 883 3590 βουληθείε
930 3525 1039 3578 larunt.”

303 3606 392 3670 ὀθεόν,
411 3609 451 3658 καί
467 3609 611 3668 τεῖσαντὴν
627 3611 705 3658 κτίσιν
719 3611 748 3658 ἐκ
763 3607 883 3673 διαφόρων
966 3622 1003 3658 11.
1035 3612 1135 3670 propter
1149 3605 1327 3656 inhabitantem
1341 3606 1378 3654 D.
1391 3605 1432 3668 Κ]
1460 3605 1510 3656 See

303 3689 399 3748 φύσεων
420 3685 613 3738 συστᾶσαν...είτ
635 3689 660 3738 ἔν
680 3706 705 3740 τε
732 3691 884 3752 συναγαγεῖν
930 3706 956 3756 ρ.
969 3693 1008 3753 58,
1022 3688 1040 3738 1.
1056 3705 1092 3753 13,
1106 3697 1173 3739 note.

303 3765 693 3830 &circumlatrantium
703 3769 746 3818 τὸν
759 3769 884 3831 {ripum
966 3787 1005 3822 rr.
1032 3770 1136 3832 inrum]
1154 3769 1268 3829 Passive;
1279 3770 1361 3820 unless
1369 3785 1408 3818 we
1419 3769 1510 3819 should

302 3850 488 3912 κατεσκεύασεν,
513 3850 595 3898 α.τ.λ.
632 3847 751 3898 irenaeus
772 3848 817 3898 has
840 3849 883 3900 the
930 3854 1277 3904 readdiuinam...naturam.
1305 3851 1509 3902 Intuereisused

201 3959 204 3964 ι
302 3943 371 3978 same
392 3927 456 3989 ideo,
481 3927 528 3978 but
547 3927 612 3978 from
628 3926 668 3978 his
684 3929 754 3993 point
771 3928 801 3978 of
819 3929 882 3979 view
931 3940 966 4003 by
977 3937 1144 3989 commodian
1156 3937 1206 3999 (31.
1224 3951 1243 3985 1.
1258 3935 1299 3986 De
1310 3932 1384 3997 Vir).
1657 3995 1658 4002 ἵ

303 4009 347 4060 the
366 4010 527 4065 incarnation
545 4009 567 4060 is
584 4010 627 4060 the
643 4011 789 4072 viaculum
805 4013 881 4064 ofili.
967 4037 1005 4085 ¹3·
1038 4017 1195 4084 capindatio]
1211 4017 1374 4077 τεφαλαίυσις
1386 4013 1426 4080 (ἲ).

304 4106 381 4156 οι.9,
397 4107 438 4142 ror
459 4091 661 4157 “recapitulatur
671 4091 755 4142 omnia
771 4093 797 4144 in
814 4109 841 4144 se
857 4102 882 4146 et
967 4101 1006 4154 16.
1038 4102 1075 4152 αα·
1099 4101 1143 4150 hoc
1163 4100 1248 4149 omnia
1269 4117 1286 4149 α
1307 4099 1392 4164 pn'ue.
1419 4105 1509 4148 consrr.

303 4172 433 4239 nunquam
457 4173 649 4239 plasmationem
672 4174 699 4224 in
718 4189 745 4224 se
762 4173 882 4239 recapitu·
931 4200 971 4252 cp
987 4194 1511 4262 Suchau‚p·34(10),wheoe¹1·h·when

304 4255 369 4310 latus
383 4254 446 4316 ost‚.”
464 4255 508 4310 &n
543 4257 578 4306 So
595 4255 743 4306 Severianus
758 4255 880 4317 (Cramer,

303 4339 338 4388 vi.
363 4336 432 4402 115):
456 4338 541 4398 ἐπειδὴ
559 4339 647 4387 ἔπεσεν
668 4336 682 4386 ὁ
704 4339 823 4388 πλασθείς
848 4339 885 4388 od

303 4422 494 4562 theth
508 4419 885 4561 trutanam:
937 4457 1105 4539 :uae
1120 4457 1327 4562 «urz-ss
1348 4455 1510 4538 «uma

930 4297 1023 4362 stating
1050 4297 1099 4348 this
1126 4299 1190 4350 view
1214 4297 1339 4348 remarks:
1392 4291 1515 4450 Ὑί(
