3292 5206
172 391 239 456 111.
255 391 364 476 6-8.]
529 407 572 458 nt
596 405 649 458 so.
669 407 722 458 no
745 405 1020 461 rnrnrrrnusos.
1315 405 1376 472 235

234 573 406 639 remeandum
425 575 671 642 aemulationem
684 589 876 661 persequens
896 575 1065 642 ecclesiam.

236 711 270 766 et
282 703 440 785 quoniam
453 701 545 786 [non]
557 702 589 766 in
606 703 834 787 persecutione
849 704 996 768 habebat
1011 702 1194 786 perfectam
1209 703 1378 787 probatio-

78 836 82 843 ·
170 805 361 870 nem-fieri
374 807 463 870 enim
476 816 615 889 poterat,
630 816 667 870 ut
678 806 742 870 hoc
755 805 926 871 ferocitate
938 806 1010 870 sola
1022 805 1153 884 iaceret,
1166 806 1379 871 simulatione

169 908 227 972 illa
241 930 308 992 qua
322 930 383 992 pro
398 909 622 974 aemulatione
637 910 770 994 pietatis
786 910 821 974 id
837 909 944 974 iacere
960 909 1325 974 uidebatur-adiecit:

234 1058 407 1122 secundum
427 1057 591 1122 iustitiam
614 1059 753 1142 quaein
775 1059 843 1144 lege
859 1069 914 1138 est,
928 1060 1046 1142 factus
1065 1059 1135 1124 sine
1155 1061 1291 1144 querela.
1415 1072 1430 1139 5

235 1186 321 1250 bene
336 1197 449 1251 autem
465 1187 554 1252 dixit
574 1209 655 1271 quae
669 1187 705 1253 in
720 1190 786 1272 lege
798 1199 852 1265 est,
869 1210 910 1253 eo
930 1190 1021 1272 quod
1040 1210 1109 1253 non
1128 1199 1200 1254 erat
1218 1188 1378 1273 possibile

170 1287 241 1352 sine
266 1289 400 1372 querela
428 1290 638 1374 adplenum
669 1311 769 1375 posse
790 1291 934 1374 aliquem
958 1294 1115 1357 inuenire.
1161 1293 1275 1358 omnia
1297 1313 1377 1357 uero

171 1391 347 1456 decurrens
362 1402 396 1457 et
411 1393 602 1469 ostendens,
617 1394 706 1476 quod
728 1393 810 1457 nihil
829 1394 945 1459 deerat
959 1393 989 1459 ei
1005 1395 1132 1459 bonurn
1148 1415 1192 1458 ex
1208 1392 1272 1457 illis
1291 1414 1377 1476 quae

169 1494 352 1558 secundum
372 1491 482 1578 legem
500 1504 615 1560 erant:

233 1627 292 1692 sed
301 1649 502 1714 quaecunque
512 1629 598 1695 miti
605 1639 703 1694 erant
712 1627 812 1708 lucra,
824 1629 900 1694 haec
908 1629 1056 1694 aestimo
1063 1638 1198 1712 propter
1209 1627 1375 1696 Christum
1394 1649 1433 1696 10

168 1729 372 1798 detrimenta.

233 1863 325 1926 lucra
334 1863 469 1944 quidem
480 1863 649 1942 dicens,ut
659 1861 815 1926 ostendat
824 1861 982 1945 quoniam
996 1859 1088 1946 [non]
1100 1860 1284 1925 necessarie
1293 1868 1374 1924 tunc

169 1965 376 2047 agebantur;
397 1961 575 2045 †adiciens
596 1985 675 2028 uero
692 1961 767 2027 ‘illa
785 1983 872 2047 quae
893 1961 1005 2037 erant,’
1022 1962 1064 2026 ad
1085 1961 1372 2026 confirmationem

168 2065 251 2130 dicit
273 2067 433 2148 quoniam
448 2066 539 2130 lucra
556 2066 704 2131 habebat
723 2065 781 2129 illa
797 2065 986 2129 sollicitudo
1002 2084 1089 2147 quae
1103 2084 1183 2147 erga
1198 2061 1255 2126 illa
1270 2061 1373 2140 erat*

169 2189 257 2232 nunc
283 2190 361 2233 uero
392 2169 500 2252 magis
527 2179 604 2234 sunt
627 2169 823 2233 detrinunta
846 2171 880 2232 in
904 2169 1154 2253 comparatione
1179 2165 1301 2234 Christi
1325 2187 1426 2253 re-15

168 2282 294 2356 putata.
340 2275 429 2338 unde
445 2275 488 2339 ad
504 2274 790 2358 comparationem
807 2272 930 2339 Christi
946 2297 953 2338 :

231 2409 290 2474 sed
303 2418 335 2473 et
353 2409 500 2474 m'stimo
519 2409 630 2474 omnia
649 2409 844 2475 detrimenta
861 2430 926 2474 esst
936 2420 1071 2494 propter
1090 2408 1373 2494 supereminentem

166 2509 335 2576 scientiam
356 2511 431 2576 Iesu
455 2509 583 2578 Christi
602 2511 730 2576 domini
749 2511 822 2577 mei.

232 2638 319 2702 bene
339 2638 452 2720 posuit
473 2637 602 2702 domini
621 2637 686 2702 mei
710 2636 804 2720 quasi
828 2658 873 2701 ex
897 2637 1148 2720 comparatione
1169 2658 1374 2720 cognoscens

167 2739 275 2822 ipsam
291 2739 520 2805 differentiam.
549 2740 639 2804 unde
654 2751 688 2804 et
704 2750 814 2803 motus
829 2759 943 2803 amore
958 2740 1132 2804 dominum
1148 2761 1244 2824 suum
1261 2743 1373 2805 Deum
1388 2767 1430 2814 20

224 2941 262 3010 τὸ
274 2942 314 3009 riu
327 2941 371 3013 eie
381 2941 547 3010 σύστασιν
557 2945 616 3008 τοῦ
629 2941 713 3008 ποτὲ
727 2938 838 3029 κέρδος
848 2941 935 3030 ἔχειν
946 2941 1006 3023 τὴν
1014 2937 1092 3027 περὶ
1101 2943 1207 3009 ταῦτα
1218 2939 1373 3022 σπουδήν.

215 3141 239 3190 τ,
256 3143 283 3178 12
301 3144 353 3178 non
368 3143 408 3177 om
427 3127 492 3178 CH
499 3143 515 3176 r
604 3147 620 3191 4
635 3127 680 3177 illa
696 3142 746 3192 qua
762 3142 809 3192 pro
825 3125 992 3177 aemulatione
1008 3125 1044 3175 tis
1060 3127 1094 3176 H
1102 3124 1107 3188 Ι
1122 3125 1198 3176 adicit
1213 3127 1262 3176 Cr

168 3221 182 3273 7
199 3209 306 3260 inueniri
319 3211 340 3259 C
351 3210 427 3270 (corr)
536 3211 552 3259 8
568 3209 611 3274 qui
625 3209 683 3272 (sor
698 3210 773 3274 quae)
784 3209 818 3258 H
892 3223 920 3258 ιτ
938 3207 1077 3258 necessario
1088 3223 1105 3256 r
1203 3223 1233 3271 ¹4
1250 3207 1306 3258 illos
1319 3207 1376 3273 (sor

166 3291 210 3340 illa
223 3293 258 3353 τ’)
278 3291 300 3341 C
309 3307 325 3340 r
338 3288 342 3354 Ι
357 3297 428 3340 erant
448 3289 483 3340 C'
495 3291 528 3340 H
535 3307 552 3340 r
675 3305 704 3340 nr
718 3305 757 3355 sq.
775 3289 853 3340 Coisl.
867 3305 923 3352 σοι,
943 3289 960 3338 i.
978 3301 1050 3354 130a
1067 3289 1121 3351 [Cr.
1133 3287 1167 3337 vi.
1181 3301 1237 3352 σγα,
1258 3289 1300 3338 Fr.
1316 3289 1373 3354 ¹³9]

166 3375 286 3438 θιόδωρσν.
311 3375 350 3424 nal
363 3376 437 3424 ἄλλος
448 3375 474 3423 dl
485 3374 569 3434 ὁμοίως
580 3373 662 3435 φησίν
680 3375 709 3423 τὸ
720 3369 757 3434 ἥν,
772 3375 845 3424 ιι.τ.λ.

199 3529 222 3566 n.
255 3515 373 3582 quantam
390 3515 474 3578 [nonss
513 3515 563 3567 See
579 3531 603 3581 p.
617 3529 673 3580 235,
687 3515 704 3566 l.
720 3531 741 3576 r,
829 3528 866 3578 ¹5·
888 3514 918 3564 in
934 3512 1113 3578 comparatione
1136 3513 1242 3577 Chnttr]
1280 3514 1372 3565 'l'hdtn

165 3607 233 3656 note.
245 3599 296 3648 and
307 3599 398 3654 below.
411 3599 427 3648 1.
443 3615 481 3649 ra.
793 3597 826 3658 τῇ
836 3597 970 3658 παραθέσει
980 3595 1029 3644 τῶν
1040 3593 1188 3659 κρειττόνων.

198 3693 222 3743 5.
253 3679 340 3743 factraes
378 3679 431 3728 tine
461 3676 569 3743 querela]
616 3677 744 3740 γενόμενος
829 3689 867 3740 17.
888 3677 971 3739 sedet]
999 3677 1227 3740 dlthduwotirhel]
1240 3679 1287 3728 καί.
1321 3679 1374 3730 For

164 3759 297 3818 dueum.
321 3759 407 3824 vulg„
424 3761 608 3809 “conversatus
619 3759 673 3808 sine
684 3755 744 3823 qu-”
792 3760 870 3810 sedet
884 3776 925 3810 see
942 3776 968 3824 p.
987 3763 1026 3820 80,
1046 3760 1064 3809 l.
1084 3775 1122 3820 11,
1143 3767 1201 3810 note
1211 3778 1219 3820 ι
1237 3760 1373 3824 motin]

165 3837 321 3888 WithTh's
336 3855 426 3889 comm.
444 3839 475 3889 cf.
490 3839 579 3889 Thdt.:
597 3839 684 3898 ἔδειξεν
701 3837 745 3888 οὐκ
793 3841 852 3890 here
864 3841 935 3891 takes
946 3841 989 3890 the
1000 3841 1072 3904 place
1083 3839 1112 3890 oi
1119 3840 1175 3902 γάρ.
1206 3839 1372 3910 ‘l'herender-

165 3915 252 3983 ἀκριβῆ
263 3921 413 3979 δικαιοσύνην
422 3916 468 3980 τὴν
477 3917 582 3980 romulu.
615 3915 643 3969 οὖ
657 3919 743 3981 διὶχά-
793 3919 838 3986 ing
860 3921 933 3970 looks
955 3921 1007 3971 like
1028 3937 1044 3970 a
1066 3920 1147 3970 fusion
1169 3919 1199 3969 os
1220 3920 1262 3970 the
1282 3921 1316 3970 O.
1340 3923 1371 3972 L.

164 4019 202 4064 ριν
212 3999 255 4052 νυίι
266 4003 382 4064 ἀορίστως
392 4003 442 4062 ἐφη
459 4004 537 4050 *κατὰ
548 4001 740 4062 δικαιοσύνην...
794 4001 938 4063 (“arbitror
946 4002 1031 4051 omnia
1042 4001 1225 4050 detrimenta
1236 4016 1289 4052 esse
1297 4018 1372 4067 prop·

165 4083 232 4133 tttt
242 4083 412 4144 προστέθεικεν
427 4082 485 4142 ’τήν
496 4083 521 4132 ἐν
531 4081 612 4144 νόμιμ’
793 4091 831 4132 ter
842 4082 1003 4132 eminentiam
1014 4081 1132 4132 scientiae
1140 4079 1164 4145 ”)
1173 4081 1234 4131 with
1243 4081 1286 4132 the
1294 4082 1371 4148 Vulg.

201 4180 237 4216 ro.
262 4162 427 4228 ριιαιινινιρινι]
443 4161 522 4212 ἅτινα.
557 4161 739 4228 o.1„‚Vu1g.,
794 4163 972 4224 (⁴‘existimo
999 4161 1085 4211 omnia
1111 4161 1287 4212 detrimentum
1317 4179 1372 4214 esse

163 4259 232 4310 quae.
269 4244 311 4293 On
323 4243 365 4293 the
376 4243 447 4293 other
459 4243 526 4292 hand
537 4243 743 4306 ἧημιτιίειηοτε
793 4244 1300 4310 proptereminentemscientiam’').
1323 4247 1372 4296 Su·

164 4326 261 4391 exactly
272 4325 393 4376 rendered
405 4325 431 4374 in
443 4324 485 4374 the
497 4325 571 4374 Latin
583 4324 692 4374 versione
709 4326 743 4389 by
786 4327 972 4391 perenu'nert=
985 4327 1111 4389 ὐτιρέχειν
1132 4341 1218 4376 occurs
1240 4327 1321 4392 again,
1347 4343 1370 4378 c.

163 4409 207 4460 the
226 4408 319 4474 perfect
337 4405 496 4468 (antimi,
515 4405 586 4467 duxi,
605 4406 743 4456 arbt'tratus
791 4407 824 4457 ir.
844 4421 867 4470 7.

163 4494 238 4551 stem).
825 4503 863 4538 ao.
887 4489 1101 4538 drotinumsuum
1114 4489 1196 4539 Deum
1211 4488 1285 4551 dicit]
1319 4489 1370 4540 For
