3340 5232
293 397 352 462 162
613 409 840 462 rrrnononus
864 407 1157 460 norsunsrnnus
1280 393 1361 476 [ΙΙΙ.
1378 407 1428 468 20,
1447 407 1498 452 21.

290 579 380 663 quod
397 578 451 644 uel
461 578 615 644 'maxime
631 579 797 644 inhabitat
815 579 925 643 Deus’
962 588 997 643 et
1011 587 1085 642 orat
1100 578 1212 642 talit'e'r
1226 579 1287 660 pro
1303 578 1374 642 illis.
1418 587 1498 660 post

290 683 497 766 propositam
522 683 649 765 gratiae
667 683 889 748 narrationem
913 682 1082 746 concludit
1102 683 1312 764 dogmaticos
1327 702 1498 744 sermones

291 786 353 849 sub
373 787 483 868 specie
500 786 680 867 gratiarum
704 786 852 861 actionis,
869 784 1015 865 eoquod
1032 794 1065 847 et
1081 785 1143 848 sub
1159 785 1217 848 tali
1233 785 1344 866 specie
1360 785 1496 866 exposi-

289 888 415 950 tionem
432 907 545 950 eorum
562 888 677 950 fecisse
693 887 833 950 uidetur.
877 887 999 968 quibus
1014 887 1134 949 adicit:

257 1069 272 1136 5
353 1049 385 1113 ei
406 1061 513 1114 autem
537 1049 723 1132 quipoteru
746 1061 911 1132 estsuper
935 1050 1044 1114 omur'a
1063 1051 1176 1131 facore
1198 1046 1498 1130 superabundanter

125 1192 129 1215 r
231 1197 240 1212 .
288 1152 518 1236 quaeprtimus
531 1165 592 1217 arnt
605 1153 825 1236 intellegimus,
841 1153 1012 1216 secuudum
1028 1154 1183 1217 uirtutem
1197 1173 1296 1234 quarn
1312 1152 1497 1234 inoperatus

287 1265 336 1318 est
360 1255 396 1319 in
421 1255 529 1331 nobis,·
552 1255 618 1338 ipsi
624 1256 734 1338 gloria
750 1253 786 1320 r'n
799 1253 924 1318 ecclesio
939 1255 975 1317 in
993 1253 1120 1319 Clrrr'sto
1140 1253 1222 1332 Iesu,
1239 1253 1274 1317 in
1294 1272 1402 1316 ornnes
1416 1259 1496 1331 pro·

284 1357 394 1442 genios
412 1359 531 1422 soeculi
542 1361 749 1424 saeculorum.
792 1380 895 1436 ornan.
1272 1347 1276 1356 ⁸

356 1493 551 1575 ‘praestabit
573 1493 662 1556 enim
686 1493 749 1556 ista
770 1493 863 1556 Deus
883 1493 940 1575 qui
956 1503 1075 1574 potens
1090 1503 1141 1558 est
1156 1503 1190 1557 et
1206 1492 1269 1556 ista
1284 1503 1319 1557 ct
1334 1491 1497 1574 ampliora

239 1614 278 1662 10
290 1595 396 1660 facere
415 1597 457 1660 ab
481 1596 545 1659 illis
565 1617 651 1679 quae
669 1597 814 1678 petimus
829 1605 864 1658 et
886 1596 1117 1678 intellegimus,
1133 1599 1190 1679 qui
1207 1600 1240 1660 in
1257 1596 1320 1659 illis
1336 1617 1421 1678 quae
1437 1616 1497 1677 per

290 1695 459 1761 Christum
481 1719 560 1780 erga
577 1698 752 1786 ecclesiam
771 1696 859 1760 facta
878 1707 956 1760 sunt
978 1719 1036 1780 per
1051 1700 1199 1781 singulas
1214 1700 1445 1782 generationes
1460 1707 1496 1760 ct

289 1819 348 1880 per
363 1818 463 1861 omne
481 1798 648 1862 saeculum
669 1797 832 1880 gloriosus
855 1819 927 1861 esse
945 1809 978 1862 et
994 1800 1125 1863 uidetur
1140 1811 1174 1865 et
1188 1799 1371 1864 uidebitur!
1416 1819 1494 1862 nam

289 1901 379 1980 quod
395 1901 491 1975 dixit,
506 1900 537 1963 ei
550 1911 657 1964 autem
672 1900 731 1981 qui
745 1911 859 1981 potens
871 1911 920 1963 art
932 1911 1027 1983 super
1039 1903 1151 1966 omnia
1165 1905 1284 1985 facore,
1301 1904 1428 1966 dictum
1444 1911 1496 1964 est

288 2014 396 2066 autom
411 2001 482 2066 aar*
498 1999 660 2088 ἔλλειψιν.
698 2005 787 2085 quod
810 2004 898 2066 enim
915 2004 987 2068 uult
1002 2005 1119 2083 dicere,
1137 2007 1203 2070 iam
1220 2009 1252 2070 in
1269 2007 1494 2089 praecedenti-

238 2122 272 2188 15
289 2103 351 2168 bus
367 2125 387 2168 a
403 2105 499 2168 nobis
513 2104 640 2168 dictum
657 2114 707 2167 est
723 2104 938 2169 manifestius.

244 2273 247 2280 '
344 2295 354 2328 r
374 2287 431 2342 post
441 2295 480 2328 om
491 2281 526 2328 H
640 2296 653 2329 a
671 2281 815 2344 dogmatico
826 2297 941 2331 sermone
952 2281 987 2331 H
1103 2295 1119 2346 9
1136 2289 1161 2333 et
1172 2281 1220 2332 ista
1230 2297 1269 2332 om
1284 2280 1321 2347 Cl
1336 2289 1361 2333 et
1373 2283 1496 2348 ampliora

287 2373 326 2407 orn
338 2359 372 2407 H
456 2375 484 2408 ra
502 2375 605 2409 omnem
619 2359 655 2410 θ’
672 2358 675 2424 Ι
690 2361 817 2410 uideretur
829 2362 885 2426 [sor
894 2363 1003 2423 uidetur)
1018 2362 1039 2412 C
1042 2361 1056 2388 *
1158 2377 1196 2426 13,
1212 2378 1240 2424 ¹4
1257 2363 1352 2412 dictum
1363 2371 1400 2413 est
1411 2371 1496 2414 autem

287 2439 418 2505 ostelipsin
432 2440 470 2491 C*
484 2441 624 2506 (catalipsin
638 2440 754 2508 Cleorr»
803 2445 945 2494 dictumest
957 2443 1087 2509 catelipsin
1097 2446 1131 2495 H
1141 2443 1145 2509 Ι
1161 2454 1212 2494 tam
1225 2444 1350 2510 (soriam)
1362 2445 1397 2494 H

323 2608 345 2645 1.
374 2601 432 2660 post
449 2597 609 2661 propositam,
637 2597 694 2659 irc]
727 2598 867 2650 lanfranc:
915 2607 1057 2652 erroresto
1066 2602 1136 2650 voice
1145 2599 1196 2649 and
1207 2607 1277 2650 tense
1288 2599 1342 2648 into
1354 2597 1435 2648 which
1448 2613 1496 2648 our

289 2679 305 2704 “
313 2683 371 2742 post
382 2678 478 2741 gratiae
493 2680 661 2728 narrationem
675 2688 730 2730 orat
745 2695 792 2745 pro
805 2679 864 2742 illis,
916 2681 1048 2730 translator
1056 2681 1101 2730 has
1111 2681 1186 2730 fallen
1199 2683 1219 2730 is
1231 2682 1338 2746 perhaps
1349 2681 1398 2730 due
1411 2681 1494 2744 partly

288 2766 313 2808 et
327 2759 374 2808 sub
389 2760 498 2823 speciem
510 2761 603 2825 [spemr
613 2761 640 2825 s.
652 2763 735 2825 speeie
746 2763 796 2824 ed.]
811 2779 867 2826 gra-
915 2771 942 2812 to
962 2764 986 2813 T
987 2764 1035 2814 h's
1058 2779 1148 2813 comm
1174 2765 1278 2828 (⁶¹quae
1299 2779 1344 2827 per
1366 2763 1494 2812 Christum

287 2841 377 2890 tiaram
398 2841 551 2892 concludens
569 2843 725 2906 dogmaticos
742 2859 868 2893 sermones
915 2861 974 2909 erga
991 2841 1122 2895 ecelesiam
1142 2845 1208 2894 facta
1226 2844 1323 2908 sunt''),
1343 2845 1424 2909 partly
1436 2854 1463 2894 to
1478 2862 1494 2894 a

287 2920 374 2986 incipit
394 2921 514 2973 ethicos.''
549 2923 625 2973 Card.
648 2925 716 2973 Pitra
733 2925 797 2974 edits
818 2929 867 2974 “et
915 2923 1495 2990 reminiscenceofc.i.ao(rirtrr'15r7nrerfr

287 3013 339 3056 erat
351 3007 404 3067 (ric)
417 3006 499 3055 taliter
511 3021 557 3070 pro
575 3005 632 3055 illis.
675 3005 735 3054 Post
752 3005 866 3070 [cispic.
915 3009 1025 3072 Χριστῷ)
1054 3008 1144 3066 which,
1174 3009 1235 3058 with
1268 3009 1311 3057 the
1339 3007 1424 3072 Vulg„
1459 3007 1493 3058 he

287 3089 386 3140 Solesm.
412 3089 428 3138 i.
453 3087 511 3152 568]
534 3087 670 3153 positam,”
693 3089 737 3139 &c
775 3089 865 3154 Comp.
915 3091 1016 3140 renders
1032 3105 1107 3154 prom
1122 3095 1233 3153 operatua
1248 3088 1324 3138 estin
1338 3089 1399 3138 Chr.
1434 3087 1493 3137 Itis

287 3187 311 3234 p.
330 3185 383 3233 ¹¹4·
419 3171 551 3220 Theodore
568 3187 654 3220 means
672 3178 697 3221 to
714 3187 772 3235 say:
794 3172 866 3222 ‘The
914 3171 1070 3222 remarkable
1085 3172 1138 3221 that
1152 3187 1218 3221 none
1229 3170 1259 3220 of
1274 3171 1316 3220 the
1328 3170 1413 3220 Greek
1424 3186 1492 3220 eom-

282 3251 381 3314 gretan
401 3251 515 3299 mrratro
532 3251 615 3300 which
633 3252 729 3302 formed
748 3252 792 3301 the
808 3253 865 3302 sub-
914 3262 1050 3304 mentators
1061 3255 1134 3319 bring
1145 3262 1189 3304 out
1200 3254 1243 3303 the
1255 3254 1322 3303 force
1334 3253 1364 3302 of
1371 3253 1414 3302 the
1425 3269 1491 3317 pres.

285 3339 371 3382 stance
384 3331 413 3381 of
422 3332 464 3380 the
475 3332 606 3396 demoliri
614 3347 733 3382 sernronrs
744 3334 806 3383 ends
819 3333 862 3399 (iii.
914 3343 976 3401 part.
1012 3335 1053 3386 Cf.
1081 3351 1103 3386 e.
1122 3351 1146 3399 g.
1172 3335 1280 3400 Tipha:
1309 3335 1443 3396 ἐνήργησεν
1466 3332 1493 3382 e'r

286 3413 328 3477 ao)
340 3429 367 3463 as
383 3413 402 3462 it
419 3414 500 3477 began
519 3415 544 3473 (i.
567 3415 591 3474 3)
609 3415 670 3464 with
688 3431 703 3464 a
720 3417 864 3479 granorum
914 3418 971 3478 ἡμῖν
988 3416 1085 3480 μεγάλα
1105 3420 1145 3466 ral
1157 3415 1260 3478 ἐξαίσια,
1280 3415 1421 3476 suintericus
1437 3418 1512 3492 ruis·

285 3491 365 3542 actio)
400 3493 488 3557 Chrys.
509 3493 603 3544 further
621 3495 731 3544 remarks
751 3496 805 3546 that
823 3496 866 3547 the
914 3497 1097 3560 e'xflpolrairoi
1109 3495 1221 3548 ἐθνικούς.

286 3591 376 3640 prayer
386 3575 416 3624 of
427 3575 442 3624 i.
461 3588 489 3638 17
502 3577 523 3625 is
534 3575 650 3640 virtually
661 3579 778 3642 repeated
790 3579 816 3627 in
828 3579 862 3629 iii.
948 3593 970 3642 7.
1004 3579 1032 3628 in
1054 3579 1149 3628 ecclen'o
1172 3579 1199 3627 in
1225 3579 1287 3628 Chr.
1306 3577 1343 3639 1.]
1378 3577 1409 3626 ln
1424 3591 1492 3626 oom-

289 3657 317 3705 18
330 3658 398 3718 (orep
409 3656 540 3718 ἀρχόμενον
552 3659 649 3716 ηὔξατο,
660 3661 734 3708 τοῦτο
749 3663 789 3709 rai
802 3658 862 3721 νῦν).
912 3678 972 3712 mon
987 3662 1047 3711 with
1065 3663 1107 3712 the
1123 3669 1173 3710 rest
1188 3662 1218 3710 of
1235 3661 1277 3710 the
1294 3660 1344 3710 Glc
1365 3675 1492 3710 commen-

318 3751 343 3800 5.
365 3739 538 3802 ruperommb]
547 3740 655 3802 Superis
666 3743 778 3806 wanting
787 3744 813 3791 iu
822 3743 865 3793 the
912 3751 990 3793 tators
1001 3743 1050 3792 Th.
1063 3742 1138 3792 omits
1150 3743 1189 3790 roi
1200 3741 1285 3792 before
1298 3741 1325 3790 ἐν
1337 3742 1367 3790 Χ.
1381 3738 1410 3790 ¹1.

286 3820 361 3869 Latin
379 3819 496 3870 versions.
532 3821 619 3881 Thur,
633 3838 661 3872 as
677 3823 769 3884 edited‚
789 3825 864 3874 omits
938 3822 1074 3886 progenies]
1092 3821 1358 3886 Vulg.,generarious.
1371 3821 1411 3871 Cf.
1422 3821 1492 3870 how-

285 3901 345 3962 ὑπὲρ
361 3899 442 3950 πάντα
459 3901 495 3950 ad
503 3901 528 3950 h.
541 3902 570 3962 1..
585 3903 629 3952 but
642 3905 713 3954 reads
729 3905 771 3954 the
782 3905 864 3955 words
912 3921 970 3956 ever
992 3906 1064 3956 Luke
1082 3907 1099 3955 i.
1119 3921 1158 3968 5ο,
1182 3905 1255 3970 Vulg.
1281 3903 1324 3969 (ris
1344 3902 1429 3968 γενεὰς
1451 3908 1493 3956 rai

285 3981 429 4032 elsewhere.
463 3981 539 4034 'lhdt
570 3984 620 4032 and
650 3983 710 4034 Oen
736 3995 863 4035 comment
911 3983 1323 4050 pereds=inprogenrlselprog.).

284 4079 353 4128 upon
370 4063 447 4124 than,
470 4064 513 4113 the
533 4064 624 4114 former
643 4066 796 4130 remarking:
822 4069 863 4116 δύο
947 4081 985 4130 13.
1018 4068 1109 4116 dr'ctrrm
1123 4073 1157 4116 est
1173 4076 1257 4116 autern
1272 4064 1325 4114 rur’
1338 4063 1404 4127 eth]
1436 4065 1457 4114 Ι.
1466 4081 1489 4116 e.

285 4145 421 4207 ὑπερβολὰς
443 4145 545 4202 τίθησιν·
569 4146 598 4194 τὸ
619 4145 690 4208 ὑπὲρ
710 4145 804 4198 πάντα
822 4149 862 4196 rol
913 4149 982 4197 ‘The
998 4150 1025 4197 δέ
1039 4149 1060 4198 is
1077 4148 1212 4212 elliptical;
1230 4147 1250 4197 it
1266 4148 1367 4211 glauces
1381 4147 1448 4196 back
1465 4154 1493 4196 at

283 4226 312 4274 ro
325 4223 537 4286 ὑπερεκπερισσοῦ.
911 4229 954 4280 the
963 4231 1060 4279 various
1072 4235 1172 4279 reasons
1184 4229 1223 4278 for
1235 4229 1412 4292 thanksgiving
1422 4244 1492 4293 upon

316 4305 339 4356 6.
374 4321 450 4370 quam
471 4306 536 4370 inop.
555 4307 599 4368 esf]
636 4307 691 4356 'l'he
715 4308 790 4358 latin
810 4324 862 4358 ver·
911 4311 993 4360 which
1011 4312 1053 4362 the
1071 4311 1180 4374 Aphas
1198 4309 1316 4373 cnlarged
1334 4311 1357 4358 ln
1376 4309 1418 4358 the
1435 4325 1492 4373 pre-

284 4389 352 4438 sions
369 4389 491 4453 eorrectly
511 4390 599 4439 render
615 4407 677 4455 quur
694 4391 749 4451 [but
767 4392 861 4442 Amlat.
911 4393 1002 4456 ceding
1017 4391 1150 4458 chapters.'
1184 4391 1240 4442 'l’he
1254 4391 1392 4440 correction
1407 4391 1431 4438 in
1448 4391 1492 4441 the

284 4471 369 4530 (corr.)
396 4471 483 4534 quam]
516 4477 636 4534 operabar.
685 4473 741 4520 The
769 4474 862 4522 double
911 4475 1003 4523 Corhie
1016 4476 1072 4523 MS.
1083 4489 1163 4524 seems
1174 4481 1201 4523 to
1213 4474 1283 4536 point
1295 4471 1394 4522 turned
1406 4473 1492 4534 λῆψιν,
1581 4469 1584 4474 ’
