3340 5232
252 353 315 415 204
584 346 810 398 sueonoxus
834 346 1126 398 mopsuestenus
1290 333 1329 418 [1.
1347 337 1464 398 8-11.

316 539 394 581 nam
419 519 509 600 quod
541 519 648 582 dixit:
678 518 713 580 ιἰι
744 519 918 582 uisceribus
950 518 1082 593 curisti,
1114 521 1223 584 dicere
1254 520 1378 584 uoluitz
1407 521 1463 583 ‘in

251 624 389 687 caritate
406 623 461 686 illa
478 643 563 705 quae
579 623 763 686 secundum
782 621 951 686 Christum
969 622 1037 688 est.’
1060 632 1094 687 et
1110 625 1201 706 quod
1217 624 1325 688 dixit:
1339 623 1465 688 caritas

250 739 367 804 uestra,
397 726 472 792 ‘illa
498 727 612 808 utique
633 746 718 807 quae
741 734 775 788 et
798 744 877 806 erga
900 726 1011 789 Deum
1035 736 1086 789 est
1109 736 1143 790 et
1166 749 1244 810 erga
1266 727 1462 791 alterutrum

251 830 319 893 est?
364 826 467 910 †uult
483 847 564 910 ergo
579 827 688 890 dicere
712 826 870 908 quoniam
893 817 1007 891 ‘testis
1032 838 1083 891 est
1104 828 1185 890 mihi
1202 829 1303 902 Deus,
1319 829 1464 910 qualiter

219 949 234 1015 5
251 950 329 1012 erga
350 950 410 992 uos
431 928 587 992 aflectum
609 937 716 1004 tene0,
737 937 771 990 et
792 949 851 990 oro
872 949 931 1010 per
950 929 1081 1011 singula
1100 940 1272 994 momenta
1292 931 1464 994 abundare

251 1031 358 1112 magis
386 1032 418 1093 in
444 1030 539 1093 uobis
566 1029 657 1092 illam
682 1030 866 1103 caritatem,
892 1050 978 1111 quae
1005 1041 1039 1096 et
1070 1052 1149 1113 erga
1180 1032 1292 1095 Deum
1318 1042 1353 1095 et
1382 1051 1462 1114 erga
1533 1075 1539 1088 .

250 1131 446 1194 alterutrum
470 1142 529 1196 est.
574 1131 747 1194 scientiam
770 1151 847 1193 uero
871 1134 1125 1196 conuenientem
1147 1131 1269 1195 habere
1286 1153 1345 1196 uos
1363 1135 1464 1214 cupio

251 1233 293 1295 de
309 1233 373 1296 illis
389 1253 476 1315 quae
491 1233 533 1296 ad
557 1234 715 1295 uirtutem
737 1233 912 1314 pertinent,
928 1234 1108 1315 probantes
1123 1253 1209 1315 quae
1224 1234 1291 1296 sint
1309 1233 1440 1297 utiliora
1454 1254 1463 1310 ;

210 1357 212 1361 ’
251 1343 285 1399 et
308 1355 386 1418 erga
404 1334 459 1397 illa
481 1334 588 1416 magis
608 1334 867 1397 sollicitudinem
889 1336 1081 1416 expendite,
1099 1335 1146 1397 ita
1166 1343 1203 1397 ut
1223 1335 1256 1396 in
1277 1333 1386 1397 sutura
1406 1332 1463 1395 die

199 1464 239 1511 10
251 1438 322 1498 sine
338 1437 407 1499 ulla
422 1437 612 1518 adpareatis
628 1435 889 1517 reprehensione,
903 1435 1080 1517 plurimam
1092 1436 1312 1497 directionum
1329 1435 1462 1516 copiam

251 1537 449 1612 obtinentes
466 1558 526 1619 pro
549 1536 669 1619 quibus
693 1538 815 1619 poterit
838 1546 872 1600 et
896 1539 929 1599 in
953 1538 1118 1620 praesenti
1140 1537 1210 1599 uita
1231 1535 1407 1619 glorificari
1427 1536 1463 1597 in

252 1639 347 1701 uobis
369 1639 469 1716 Deus,
486 1640 641 1702 omnibus
663 1660 762 1720 super
783 1648 893 1702 uestra
915 1641 1036 1704 uirtute
1060 1640 1152 1704 illum
1173 1639 1462 1716 conlaudantibus,

253 1743 285 1803 in
317 1742 408 1804 cuius
439 1744 574 1804 nomine
603 1741 686 1804 haec
716 1741 868 1806 facitis’*
913 1744 977 1806 ista
1004 1744 1139 1826 quidem
1167 1745 1297 1826 scripsit
1324 1743 1367 1806 ad
1395 1761 1463 1818 eos,

252 1845 408 1909 aflectum
425 1847 595 1928 proprium
612 1866 711 1927 quem
728 1867 806 1929 erga
822 1866 879 1909 eos
894 1844 1042 1910 habebat
1058 1849 1249 1910 ostendens.
1275 1845 1462 1928 etquidem

202 1945 432 2043 15'uerissimis
463 1949 618 2013 laudibus
642 1949 684 2012 ad
711 1968 826 2011 eorum
851 1958 902 2012 est
929 1949 1200 2014 exhortationem
1225 1951 1358 2014 abusus,
1414 1950 1464 2010 in-

253 2055 333 2136 cipit
362 2073 439 2116 uero
464 2054 497 2115 in
522 2051 801 2133 subsequentibus
829 2071 868 2113 ea
895 2071 981 2132 quae
1004 2053 1046 2114 de
1070 2074 1106 2116 se
1133 2064 1227 2118 erant
1252 2063 1332 2116 nota
1354 2051 1464 2121 iacere

254 2156 317 2219 illis
333 2155 432 2218 simul
454 2156 589 2236 quidem
606 2154 699 2236 quasi
724 2152 900 2216 affectiosis
922 2163 955 2216 et
977 2156 1033 2236 qui
1050 2155 1148 2218 ualde
1163 2177 1223 2238 pro
1245 2156 1302 2218 illo
1322 2155 1465 2231 solliciti,

319 2335 479 2415 βούλεται
509 2333 609 2398 εἰπεῖν
631 2331 682 2398 ‘dn
712 2330 854 2418 ’μάρτυς
883 2360 945 2412 μου
972 2333 988 2397 ὁ
1019 2333 1089 2404 θεὸς
1118 2334 1205 2405 ἰ’πως
1228 2336 1305 2421 περὶ
1335 2335 1464 2404 πάντας

254 2438 336 2519 ὑμᾶς
351 2435 523 2517 διάκειμαι,
540 2435 592 2500 καὶ
607 2435 835 2522 προσεύχομαι
850 2435 1008 2502 ἑκάστοτε
1023 2438 1211 2518 πλεονάζειν
1227 2439 1286 2520 μὲν
1300 2437 1387 2521 ὑμῶν
1402 2439 1464 2520 τὴν

198 2569 241 2616 20
255 2545 328 2629 περὶ
343 2542 399 2609 τὸν
414 2540 486 2606 θεὸν
501 2541 555 2606 καὶ
570 2539 630 2620 τὴν
644 2539 720 2625 περὶ
737 2537 907 2619 ἀλλήλους
927 2538 1067 2624 ἀγάπην,
1083 2543 1205 2624 ιγνῶσιν
1223 2541 1257 2606 δὲ
1273 2541 1362 2630 ἔχειν
1378 2539 1463 2624 rimie

253 2648 312 2728 τὴν
332 2645 565 2733 προσήκουσαν
586 2643 660 2727 περὶ
684 2646 746 2709 τῶν
768 2643 813 2713 εἰς
835 2642 953 2724 α’ρετὴν
974 2644 1209 2724 συντεινόντων,
1233 2646 1464 2730 δοκιμάζοντας

254 2751 326 2816 τίνα
353 2749 393 2814 τὰ
423 2745 601 2832 κρείττονα,
625 2745 679 2809 καὶ
702 2746 777 2829 περὶ
804 2749 908 2810 ταῦτα
936 2749 1068 2828 μᾶλλον
1097 2747 1350 2828 ἐσπουδακότας,
1378 2747 1464 2815 ὥστε

253 2851 336 2933 ὑμᾶς
358 2852 443 2936 ἐντῇ
459 2849 629 2932 μελλούσῃ
646 2845 747 2934 ἡμέρᾳ
766 2844 954 2930 άμέμπτουε
976 2850 1061 2913 κατὰ
1075 2849 1185 2915 πάντα
1200 2853 1349 2934 φανῆναι,
1366 2851 1464 2934 ὄιγκον

254 2950 469 3036 ἐπαγομένους
488 2946 755 3035 κατορθωμάτων,
777 2949 826 3034 ἐφ’
847 2948 895 3019 οἷς
918 2949 1056 3016 δυνατὸν
1071 2950 1227 3017 καὶκατὰ
1242 2950 1465 3039 τὸνπαράντα

200 3082 218 3128 2
224 3080 238 3146 5
254 3057 329 3134 βίον
341 3051 559 3135 θαυμάζεσθαι
576 3049 625 3134 ἐφ’
642 3049 716 3131 ὑμῖν
730 3050 786 3116 τὸν
801 3049 880 3126 θεάν,
897 3050 1030 3117 πάντων
1041 3051 1082 3123 ὥς
1098 3051 1183 3122 εἰκὸς
1199 3053 1252 3119 ἐπὶ
1269 3057 1308 3138 τῇ
1325 3053 1463 3141 ι’·μετέρᾳ

253 3156 353 3244 άρὲτῃ
369 3157 488 3220 ἐκεῖνον
502 3151 778 3234 ἐκπληττομένων,
795 3151 894 3238 οὕπερ
910 3153 960 3218 ἐπ’
977 3151 1109 3234 ὀνόματι
1125 3157 1228 3219 ταῦτα
1242 3157 1383 3220 ποιεῖτε.’

305 3342 319 3375 a
337 3333 375 3376 est
385 3341 424 3373 om
436 3324 470 3372 H
548 3338 562 3386 3
580 3330 605 3371 et
618 3323 664 3382 (1⁰)
676 3337 715 3370 om
730 3321 752 3370 C
833 3339 863 3372 10
879 3322 1023 3372 confusione
1036 3323 1091 3386 (sor
1101 3323 1209 3387 repreh.)
1220 3324 1255 3372 H
1263 3322 1267 3388 Ι
1283 3324 1424 3374 directionis
1436 3325 1471 3374 H

258 3422 286 3470 13
303 3407 405 3471 quidam
420 3405 442 3453 C
535 3415 563 3463 15
582 3402 607 3450 in
621 3401 673 3465 (bd
683 3399 744 3464 uer.)
756 3402 808 3450 add
821 3403 842 3451 C
851 3402 886 3450 H
891 3419 907 3450 r
999 3415 1027 3462 17
1045 3403 1193 3452 affectuosus
1204 3402 1236 3466 νΙ
1252 3411 1321 3453 erant
1334 3403 1386 3468 (bes
1395 3404 1465 3466 soll.)

254 3489 347 3536 ιιιιι
427 3474 506 3549 iesq.
527 3481 1102 3546 c01s1.204‚r.112b[cr.vr.23s‚ur.13u]
1136 3486 1260 3547 usurum.
1294 3487 1464 3546 ιυιςφηιιι·

253 3573 379 3632 βούλεται,
392 3568 463 3616 mx
568 3579 597 3629 19
614 3563 678 3624 ὑμῶν
691 3564 758 3612 edd-z
776 3570 814 3612 txt
824 3565 880 3614 cod.

253 3701 320 3748 ιιιίΙι.
332 3699 349 3747 I.
362 3699 407 3747 has
419 3699 461 3747 the
469 3695 580 3746 remark:
596 3697 693 3745 “habet
701 3693 833 3759 [sincerus]
920 3712 956 3747 ιο.
982 3699 1153 3761 direcrzbnum]
1187 3700 1236 3750 See
1248 3699 1312 3760 Glr.;
1329 3700 1421 3751 andei.
1437 3716 1464 3766 p.

254 3782 305 3830 ‹luo
317 3779 423 3845 pluralia
436 3778 553 3828 ‘sinceri’
565 3788 590 3828 et
605 3781 726 3829 ‘sinceres
735 3777 754 3838 3'
770 3779 833 3828 sicut
885 3791 924 3840 51,
939 3778 956 3827 l.
971 3793 993 3843 9,
1009 3789 1077 3828 note.

254 3867 407 3924 diaconus,
422 3863 542 3912 diaconi
556 3858 761 3910 etdiacones.''
787 3861 833 3908 Re·
921 3875 955 3920 ¹4
986 3866 1009 3908 et
1029 3861 1126 3923 quatient
1148 3877 1200 3910 uer.
1223 3858 1254 3924 l.]
1300 3861 1349 3911 See
1371 3877 1411 3910 vv.
1434 3861 1463 3910 ll.

249 3941 760 4012 pletismctumnerlqpuptrotrepeda.
798 3942 833 3991 So
883 3943 990 4005 Jacobi:
1019 3944 1069 3992 “in
1095 3941 1230 3993 delendum
1258 3959 1312 3994 esse
1339 3942 1464 3992 uidetur.'’

255 4031 308 4079 also
321 4045 343 4078 e.
349 4045 374 4092 g.
390 4027 474 4078 Sedul.
489 4025 557 4075 Scot.
572 4024 622 4074 and
637 4021 754 4087 Ziegler's
770 4022 834 4086 stag-
885 4025 940 4073 The
955 4039 1026 4088 prep.
1038 4040 1095 4088 may
1110 4025 1174 4075 have
1189 4026 1266 4090 easily
1282 4035 1352 4092 crept
1363 4027 1389 4075 in
1400 4027 1464 4076 alter

256 4120 344 4161 ments.
885 4103 927 4153 the
945 4103 1004 4152 final
1021 4103 1094 4154 letter
1108 4105 1137 4154 oi
1148 4107 1254 4170 quedem.

291 4208 312 4241 1.
354 4191 419 4255 quod
435 4188 578 4238 αἰκάλλειν.
604 4189 664 4238 Chr.
687 4187 734 4249 est]
767 4187 833 4236 Lan·
919 4201 956 4248 17.
980 4186 1115 4250 afflcttbsis]
1143 4186 1182 4236 Cs.
1196 4189 1266 4237 Tert.
1278 4188 1358 4236 anim.
1374 4205 1403 4255 ¹9
1416 4187 1460 4249 (ed.

256 4271 332 4320 smne,
884 4263 999 4324 Oehler):
1020 4266 1336 4317 “inlantia...naturaliter
1353 4267 1464 4318 allectio·

289 4354 313 4400 8.
333 4347 579 4414 quaesinlutiltbra]
597 4369 619 4389 =
636 4345 828 4409 τὰδιαφέροντα
883 4345 936 4394 sa.”
981 4346 1016 4396 So
1033 4347 1123 4403 belom
1136 4365 1161 4413 p.
1177 4362 1231 4410 ιη,
1245 4347 1263 4396 l.
1280 4347 1315 4397 16.
1359 4347 1463 4399 Riinsch

256 4432 346 4481 'l'bdt.:
365 4431 418 4479 τίνα
429 4431 472 4488 μὲν
485 4431 556 4488 καλά,
571 4431 625 4477 τινα
638 4429 664 4478 δὲ
675 4429 805 4490 κρείττονα.
884 4427 971 4486 laun.
987 4443 1012 4491 p.
1031 4425 1071 4486 τό)
1088 4427 1157 4491 gives
1174 4426 1234 4491 only
1250 4429 1293 4477 the
1310 4427 1374 4478 form
1393 4429 1462 4493 affec·
