3332 5210
303 378 347 443 60
636 385 863 439 Theonouus
887 367 1178 437 mopsuestenus
1325 369 1399 456 [IV.
1420 386 1508 451 1-3.

304 559 402 624 simul
417 569 452 625 et
466 560 754 624 confirmationem
771 556 982 640 baptismatis
992 555 1037 620 ab
1052 554 1282 638 inoperatione
1296 552 1354 618 illa
1366 553 1510 636 Spiritus

303 664 420 741 sancti,
437 683 523 746 quae
538 670 619 726 tunc
634 662 667 725 in
683 681 783 744 opere
803 658 1037 724 miraculorum
1058 656 1305 720 ostendebatur.
1348 655 1509 738 quoniam

304 772 416 827 autem
438 764 638 828 sufficienter
656 763 689 826 in
712 761 763 824 his
782 758 929 825 ostendit
952 758 1099 842 perfecta
1119 779 1192 823 esse
1212 757 1269 822 illa
1291 778 1377 841 quae
1392 777 1508 820 secun-

304 865 385 928 dum
413 865 582 930 Christum
609 873 697 943 sunt,
723 863 767 926 ab
793 863 873 945 ipsis
897 862 1090 943 ultraquae
1112 859 1202 924 dicta
1224 869 1302 923 sunt
1325 857 1507 922 secundum

271 988 286 1052 5
304 968 588 1050 comparationem
610 966 758 1031 ostendit
780 964 939 1048 quoniam
963 971 997 1027 et
1019 963 1174 1046 primitus
1189 962 1281 1045 justa
1302 961 1430 1025 ratione
1444 959 1507 1024 sub

304 1068 377 1150 lege
401 1069 693 1146 conuersabantur,
717 1076 752 1132 et
778 1086 865 1131 nunc
888 1065 952 1130 sub
978 1064 1053 1148 lege
1075 1064 1263 1130 conuersari
1286 1063 1378 1128 nullo
1405 1060 1508 1126 modo

303 1171 367 1235 illis
382 1172 425 1236 sit
440 1181 577 1256 aptum:

366 1343 436 1408 dico
462 1354 571 1409 autem
600 1354 721 1428 quanto
747 1354 884 1429 tempore
908 1345 998 1410 heres
1019 1344 1186 1427 paruulus
1209 1350 1264 1420 est,
1288 1340 1378 1406 nihil
1398 1341 1511 1424 dzffert

301 1467 323 1510 a
336 1468 436 1522 seruo,
452 1449 604 1513 dominus
617 1469 688 1512 cum
703 1448 751 1513 sit
762 1450 910 1513 omnium
919 1471 935 1525 ,·
954 1447 1015 1512 sed
1032 1446 1268 1512 subtularibus
1290 1455 1323 1510 et
1343 1445 1507 1527 dispensa·

251 1573 290 1629 '10
303 1550 426 1615 toribus
449 1561 497 1614 est
518 1572 617 1634 usque
636 1551 685 1615 ad
710 1549 818 1636 [prae]
822 1551 963 1636 finitum
988 1559 1111 1632 tempus
1132 1570 1154 1614 a
1176 1557 1282 1631 patre.
1325 1549 1427 1614 sicet
1450 1569 1507 1614 nos

300 1675 371 1718 cum
387 1676 524 1719 essemus
531 1657 679 1738 paruuli,
695 1656 754 1720 sub
769 1655 930 1720 elementis
944 1653 1064 1718 mundi
1075 1674 1207 1717 eramus
1218 1653 1402 1718 seruientes.

366 1787 531 1852 elementa
546 1787 682 1871 quidem
699 1788 815 1850 mundi
836 1788 941 1852 solem
963 1787 1115 1852 nominat
1132 1797 1166 1850 et
1187 1786 1310 1864 lunam,
1325 1807 1370 1850 ex
1386 1787 1506 1869 quibus

301 1910 434 1974 quoque
458 1900 492 1955 et
516 1912 647 1955 menses
673 1890 888 1974 perficiuntur
916 1899 951 1954 et
975 1892 1064 1954 anni.
1109 1889 1192 1954 haec
1217 1892 1307 1955 enim
1334 1892 1425 1955 uarie
1448 1892 1507 1956 ob-

300 1995 479 2058 seruabant
502 1993 547 2056 illi
571 1995 627 2077 qui
651 2001 744 2057 erant
768 1993 801 2056 in
824 1992 906 2076 lege,
923 1994 1105 2057 secundum
1129 1994 1210 2058 data
1233 1994 1295 2058 sibi
1318 2004 1504 2078 praecepta

248 2121 259 2167 1
267 2117 283 2184 ς
301 2095 373 2160 uult
388 2106 502 2160 autem
518 2096 627 2161 dicere
647 2097 806 2179 quoniam
822 2097 867 2160 ‘si
883 2098 958 2179 quis
979 2099 1124 2161 moriens
1146 2098 1303 2162 heredem
1326 2099 1506 2163 instituerit

299 2220 396 2264 suum
413 2198 526 2276 filium,
543 2199 718 2282 paruulum
734 2198 844 2263 adhuc
859 2208 970 2264 aetate
986 2201 1213 2278 constitutum,
1228 2200 1352 2264 habere
1367 2201 1503 2283 quidem

299 2325 375 2368 eum
392 2305 506 2369 statim
522 2305 687 2390 integram
703 2304 892 2369 relictorum
908 2313 1110 2388 potestatem
1128 2324 1193 2368 non
1210 2307 1354 2388 patitur;
1369 2316 1503 2392 tempus

299 2428 377 2472 uero
398 2408 568 2491 quoddam
589 2417 714 2472 statuet
737 2410 776 2485 ci,
792 2417 870 2491 post
888 2407 979 2490 quod
1000 2406 1181 2491 perfectam
1203 2407 1329 2472 habens
1347 2417 1502 2489 aetatem,

298 2509 384 2574 ultra
399 2512 504 2592 possit
524 2510 580 2576 illa
600 2532 687 2593 quae
706 2511 889 2574 secundum
905 2531 941 2574 se
956 2519 1033 2573 sunt
1047 2508 1240 2592 gubemare‚
1257 2510 1503 2593 dispensatores

242 2638 284 2688 20
299 2621 333 2675 et
363 2621 491 2677 tutores
516 2633 624 2676 rerum
655 2615 688 2676 in
711 2614 822 2677 medio
844 2597 1050 2676 constituens
1076 2621 1236 2694 tempore.
1281 2615 1501 2678 necessarium

298 2725 348 2780 est
364 2716 468 2780 filium
485 2739 560 2782 eum
577 2728 610 2782 et
626 2717 791 2792 heredem,
809 2717 977 2800 usquead
990 2716 1204 2801 praefinitum
1221 2726 1342 2801 tempus
1359 2740 1382 2784 a
1396 2729 1501 2803 patre,

297 2820 378 2885 nihil
404 2819 535 2885 differre
565 2843 584 2886 a
614 2842 720 2897 seruo,
748 2821 874 2885 nullam
900 2821 1083 2885 habentem
1116 2831 1321 2905 potestatem
1357 2845 1501 2904 suorum,

296 2924 358 2988 sub
374 2924 513 2988 aliorum
529 2945 609 2987 uero
625 2925 804 3008 degentem
826 2933 1016 3007 potestate3
1048 2945 1088 2989 eo
1110 2927 1201 3008 quod
1225 2936 1259 2991 et
1279 2928 1350 3011 ipse
1370 2937 1404 2992 et
1424 2931 1502 2994 sub·

295 3028 420 3092 stantia
435 3037 548 3091 autem
565 3027 686 3104 relicta,
703 3027 764 3090 sub
787 3037 956 3110 potestate
975 3027 1117 3091 habetur
1137 3029 1268 3093 illorum
1291 3032 1349 3114 qui
1368 3053 1388 3096 a
1407 3041 1503 3115 patre

240 3156 277 3221 25
295 3139 373 3195 sunt
397 3131 641 3215 dispensatores
665 3131 846 3208 constituti,
873 3129 955 3194 nihil
982 3130 1029 3194 illi
1059 3131 1102 3195 ad
1127 3153 1283 3214 praesens
1313 3133 1502 3200 conferente

295 3235 523 3298 dominatione
546 3255 647 3316 quam
678 3234 801 3298 habere
824 3235 966 3311 uidetur,
990 3234 1095 3299 fracta
1118 3238 1239 3301 aetatis
1266 3237 1501 3305 imbecillitate.

294 3337 341 3401 sic
372 3345 406 3401 et
436 3357 496 3400 nos
526 3336 662 3418 quando
693 3356 825 3401 eramus
860 3336 1042 3420 inperfecti,
1074 3337 1218 3400 necdum
1252 3338 1501 3406 inmortalitatis

294 3440 509 3522 suscipientes
533 3439 732 3517 fruitionem,
756 3439 842 3503 sicut
872 3440 935 3504 sub
963 3439 1130 3502 tutoribus
1156 3449 1191 3502 et
1216 3439 1501 3522 dispensatoribus

345 3608 673 3674 rosicutfsorsicetlH'
804 3624 833 3675 ¹9
849 3615 933 3675 posset
948 3607 1032 3660 c·H
1153 3607 1506 3676 aaaomHlpotcstateH

294 3708 324 3756 ²3
341 3693 492 3756 degentes!
563 3707 595 3755 a4
611 3693 635 3742 ei
647 3692 927 3756 (forantemlcfcorr)
960 3691 1067 3741 hautH
1073 3689 1115 3752 [cf.
1129 3706 1154 3755 p.
1168 3701 1208 3754 37,
1221 3691 1240 3740 l.
1255 3706 1292 3756 ¹3·
1304 3693 1333 3755 n]
1415 3708 1446 3759 ²5
1463 3697 1502 3745 ni-

292 3775 383 3824 hiliH
476 3773 507 3824 26
523 3773 625 3839 quaC‘
641 3771 645 3838 Ι
660 3774 856 3825 imbecillitatem
871 3773 908 3823 C*
1021 3787 1050 3836 ορ
1068 3789 1178 3822 erramus
1191 3772 1231 3823 C*

327 3935 348 3969 ι.
373 3919 403 3968 ab
424 3919 597 3983 imperatione]
638 3919 689 3968 For
713 3919 866 3982 inoperari=
921 3919 972 3970 νίας
983 3919 1024 3967 καὶ
1035 3915 1159 3980 σάββατα
1171 3915 1304 3983 αὗταιγὰρ
1315 3919 1501 3986 iatraliptae

291 4001 406 4061 ἐνεργεῖν,
418 3995 699 4062 ν’νιοριναιίνεένέργεια,
713 3996 744 4047 cf.
757 3997 868 4058 Rdnsch,
922 3996 970 4049 ἀπὸ
993 3997 1079 4062 spineo
1101 3997 1205 4060 σελήνης
1226 4001 1267 4049 rol
1289 4001 1360 4060 ἡλίου
1380 4002 1496 4064 γίνονται.

291 4082 328 4130 Ν.
346 4081 374 4130 Τ.
396 4081 547 4130 Tertullinus
557 4097 581 4146 p.
596 4093 657 4144 703ς
671 4077 758 4140 Italc',
773 4097 799 4144 p.
813 4094 869 4144 5¹3·
921 4081 1010 4132 Thdt.:
1032 4083 1075 4131 τὰς
1091 4082 1184 4142 νομικὰς
1200 4083 1387 4148 παρατηρήσεις,
1404 4086 1500 4149 ἐπειδή-

327 4175 363 4210 12.
387 4161 500 4210 elmoenra
515 4178 538 4225 q.
558 4177 591 4210 m.
609 4161 689 4220 solem,
707 4160 766 4222 δια]
808 4163 870 4212 This
921 4179 967 4224 περ
978 4160 1026 4212 dri
1037 4159 1107 4222 ἡλίου
1118 4163 1159 4212 καὶ
1171 4162 1273 4224 σελήνης
1285 4165 1325 4226 νύξ
1333 4183 1361 4214 τε
1372 4167 1411 4215 rut
1423 4166 1500 4230 ἡμέρα

291 4245 485 4309 interpretation,
508 4244 631 4310 probably
648 4245 697 4294 due
719 4252 745 4294 to
767 4243 811 4294 the
833 4244 868 4292 in·
920 4245 1034 4301 τελεῖται,
1049 4244 1142 4304 nuh).
1179 4244 1230 4293 Th.
1240 4253 1337 4310 repeats
1348 4246 1387 4296 his
1398 4247 1462 4298 view
1472 4247 1503 4297 of

291 4323 386 4373 fluence
399 4324 428 4373 of
441 4324 536 4388 Origen
548 4323 697 4388 (Lightfool¹
709 4326 744 4374 ad
753 4325 779 4372 h.
790 4325 829 4386 1.),
848 4325 869 4374 is
919 4325 962 4375 the
980 4327 1089 4386 στοιχεῖα
1107 4343 1130 4373 τ.
1147 4342 1170 4375 ιι.
1186 4326 1276 4389 below,
1294 4343 1320 4392 p.
1340 4327 1381 4391 64,
1397 4329 1448 4379 end
1464 4345 1498 4380 on

290 4409 364 4472 given
380 4409 413 4472 by
425 4409 514 4471 Chrys.
530 4409 581 4457 and
597 4408 674 4458 'lhdt
694 4409 720 4458 in
736 4425 752 4457 a
768 4408 870 4474 slightly
920 4409 976 4459 Col.
994 4409 1019 4458 ii.
1037 4412 1060 4469 8,
1080 4425 1102 4475 q.
1117 4425 1140 4459 v.

290 4487 404 4537 different
423 4487 485 4536 form
505 4486 616 4554 (Chrysa
643 4489 768 4540 τουτέστιν
785 4507 868 4551 νουμη-
