3332 5210
206 401 269 465 111.
287 400 350 486 23]
609 407 652 464 m
675 413 728 466 sn.
752 411 803 462 m>
827 410 1002 464 onunrns.
1369 412 1404 478 51

202 587 382 654 concordat
404 585 469 651 hoc
492 586 525 649 in
548 584 624 651 loco
644 586 771 649 dictum
794 583 953 659 conclusit,
973 603 1049 650 cum
1069 583 1129 647 ill'o
1149 583 1241 650 dicto
1258 585 1352 666 quod
1373 595 1407 648 et

202 692 246 758 ad
270 693 443 756 Romanos
464 691 566 755 dixit:
592 688 744 752 construit
763 686 849 751 cuim
872 687 963 750 Deus
984 706 1092 750 omrus
1114 685 1150 750 iu
1173 686 1406 751 incredulitate.

201 795 310 860 simile
332 795 421 858 enim
445 802 552 858 estet
575 813 657 856 uoce
679 801 713 856 et
736 790 881 874 negotia
932 790 999 854 illic
1021 790 1110 854 enim
1133 789 1406 856 secundumhoc

202 896 283 962 dicit
313 917 372 961 nos
403 917 475 960 esse
497 895 678 971 conclusos
702 893 886 957 secundum
909 892 1000 975 quod
1024 892 1057 955 in
1080 893 1247 975 praesenti
1270 893 1405 960 saeculo

201 999 375 1064 infirmitas
398 1007 510 1063 nostra
533 999 700 1081 arguitur;
727 1005 808 1060 tunc
834 1015 913 1060 uero
941 995 1006 1060 Dei
1032 996 1200 1078 potiemur
1222 999 1405 1063 misericor·
1443 1007 1458 1074 5

201 1102 300 1165 diam.
345 1101 435 1184 quod
452 1102 600 1165 maxime
615 1119 814 1184 cognoscere
829 1099 903 1180 quis
918 1099 1051 1181 poterit,
1067 1101 1196 1164 cautius
1212 1101 1238 1162 si
1255 1110 1403 1165 nostram
1459 1147 1463 1158 .

202 1203 373 1270 decurrere
393 1204 536 1269 uoluerit
559 1202 875 1286 interpretationem,
892 1201 926 1263 in
949 1220 1016 1282 qua
1037 1200 1136 1265 latius
1159 1201 1192 1265 id
1216 1202 1404 1286 explicasse

201 1306 360 1378 uidemur.
405 1315 439 1370 et
461 1305 525 1370 hoc
550 1305 583 1370 in
604 1305 678 1369 loco
702 1303 766 1368 hoc
792 1304 873 1367 dicit
899 1303 1057 1385 quoniam
1073 1304 1265 1369 ‘infirmitas
1290 1315 1404 1370 nostra

200 1405 334 1474 ostensa
358 1419 409 1474 est
433 1409 490 1473 illa
515 1409 588 1492 lege
615 1429 701 1492 quae
727 1409 854 1472 dudum
880 1407 962 1472 data
986 1417 1045 1485 est,
1067 1429 1108 1472 eo
1138 1409 1230 1492 quod
1261 1411 1403 1495 dirigere

200 1511 282 1576 illud
310 1514 400 1595 quod
433 1512 529 1576 nobis
554 1513 755 1576 conueniens
781 1520 832 1576 est
858 1531 925 1574 non
950 1530 1134 1593 possumus.
1182 1513 1216 1578 in
1238 1501 1460 1596 quantum1o

200 1616 288 1679 enim
318 1616 376 1679 lex
394 1623 544 1698 peccata
573 1635 691 1678 cauere
720 1614 877 1687 decernit,
905 1622 1001 1677 tanto
1027 1614 1136 1697 magis
1163 1615 1305 1679 scientes
1332 1618 1402 1682 eius

200 1720 399 1802 prauitatem
415 1718 564 1801 cogimur
582 1717 748 1801 propriam
767 1718 888 1781 sentire
909 1716 1145 1794 infirmitatem,
1165 1737 1206 1782 eo
1221 1719 1311 1800 quod
1335 1741 1401 1784 non

199 1842 376 1905 possumus
402 1842 500 1905 agere
526 1819 609 1883 illud
633 1822 724 1903 quod
750 1820 847 1884 nobis
873 1819 1000 1883 bonum
1025 1820 1272 1900 esseuidetur;
1296 1824 1401 1889 itaut

199 1946 243 1990 ex
270 1927 344 2010 ipsa
366 1924 616 2008 comparatione
644 1925 709 1987 Dei
740 1925 772 1986 in
800 1943 862 1987 nos
886 1925 992 1986 maior
1015 1924 1179 2006 adpareat
1202 1927 1318 2007 gratia,
1344 1929 1400 2010 qui

200 2029 294 2094 nobis
315 2029 392 2094 lecit
414 2029 522 2093 inesse
542 2047 618 2090 cum
634 2028 724 2092 omni
746 2026 916 2104 facilitate,
932 2027 1023 2108 quod
1043 2027 1105 2110 ipsi
1127 2028 1224 2092 nobis
1247 2047 1308 2092 nec
1324 2050 1398 2094 cum
1420 2045 1454 2110 15

199 2132 311 2196 labore
335 2133 486 2195 maximo
511 2130 684 2212 adquirere
710 2130 880 2212 potuimus
906 2129 1022 2208 securi,
1043 2138 1077 2193 et
1098 2129 1233 2212 quidem
1258 2133 1401 2198 scientes

198 2237 356 2319 quoniam
381 2234 506 2299 malum
530 2239 582 2298 est
606 2253 749 2316 peccare.
795 2233 885 2316 quod
911 2241 945 2296 et
969 2251 1086 2297 cauere
1111 2232 1209 2300 ualde
1226 2235 1399 2314 ¹uolumus,

199 2361 238 2404 eo
263 2339 353 2421 quod
374 2339 446 2422 ipsa
469 2337 525 2402 lex
549 2337 646 2400 nobis
667 2336 835 2413 ostendit;
866 2336 925 2399 sed
951 2356 1019 2399 non
1041 2347 1219 2418 possumus
1240 2337 1274 2400 id
1297 2359 1400 2422 expe·

198 2443 278 2521 dire,
295 2441 420 2521 iratres
436 2451 575 2506 naturae
591 2438 801 2503 infirmitate)

262 2545 305 2608 ad
332 2565 426 2608 suam
458 2545 576 2608 iterum
607 2541 815 2624 sequentiam
849 2542 984 2604 recurrit
1013 2542 1194 2622 apostolus.
1251 2545 1400 2609 ostendit
1415 2531 1465 2614 20¹

196 2647 331 2730 quidem
357 2648 439 2731 legis
460 2647 649 2723 utilitatem,
675 2667 719 2709 ex
743 2646 836 2709 cuius
858 2647 1107 2728 comparatione
1134 2650 1399 2730 magnitudinem

196 2771 310 2816 eorum
326 2751 474 2835 publicat
489 2771 575 2833 quae
590 2759 667 2814 sunt
683 2751 865 2814 secundum
883 2749 1062 2815 Christum.

252 2869 449 2952 priusquam
471 2869 597 2933 ueniret
618 2868 751 2952 (inquit)
767 2859 863 2950 fides,
888 2867 946 2930 sub
968 2867 1035 2948 lege
1051 2867 1309 2933 custodiebamur
1328 2895 1398 2937 cou-

194 2973 278 3036 clusi
297 2973 333 3037 iu
354 2992 425 3036 cam
439 2971 551 3054 fidem,
574 2992 655 3054 quac
676 2969 846 3052 incipiebat
867 2970 1013 3034 tutelari.

260 3088 481 3173 †notandum
509 3097 560 3153 est
593 3091 627 3153 in
655 3087 707 3152 his
741 3087 823 3152 illud
856 3088 1012 3160 maxime,
1043 3088 1134 3170 quod
1165 3089 1280 3155 multis
1314 3091 1395 3156 utile
1412 3107 1451 3174 25

194 3215 268 3259 esse
296 3193 430 3258 uidetur
459 3192 535 3274 (illis
564 3202 679 3258 tamen
708 3191 765 3275 qui
795 3189 927 3274 sciunt),
959 3191 1117 3274 quoniam
1148 3191 1280 3259 illorum
1311 3219 1400 3281 quae

258 3383 493 3464 ἐπισημαντέον
503 3384 611 3462 ἐκεῖνο,
621 3380 674 3449 ὅτι
689 3384 753 3448 τῶν
768 3381 852 3448 κατὰ
865 3381 1013 3466 Χριστὸν
1027 3385 1168 3448 ποιεῖται
1182 3383 1242 3466 μὲν
1256 3383 1323 3449 ἀπὸ
1335 3389 1399 3452 τῶν

242 3511 416 3563 uedomH’
470 3529 496 3562 11
516 3511 648 3576 peccatiC
715 3527 743 3572 14
761 3509 1127 3574 magisisormaior)C(corr)
1196 3523 1223 3574 15
1242 3511 1403 3566 facultatett

194 3609 224 3661 19
240 3593 409 3644 infirmitatem
424 3592 463 3644 C'
552 3605 581 3656 25
600 3592 679 3658 inquit
693 3593 801 3657 (estest)
812 3591 941 3641 cdch
1043 3603 1074 3652 27
1091 3605 1128 3656 sq.
1147 3591 1224 3643 Coisl.
1242 3607 1290 3656 ²⁰4
1308 3595 1398 3646 tub

190 3678 245 3738 [Cr.
263 3676 296 3724 vi.
315 3687 354 3737 57,
374 3673 415 3726 Fr.
439 3674 502 3737 1251.
546 3675 670 3737 θεοδώμου.
686 3674 868 3733 ἐπισημαντέον,
882 3673 955 3722 καλ.

225 3789 247 3824 ε.
278 3772 314 3821 ad
333 3771 468 3834 Romanos]
489 3789 510 3823 c.
533 3773 565 3822 xi.
588 3785 626 3834 32.
677 3773 708 3822 In
728 3772 768 3822 his
818 3771 867 3822 Th.
888 3771 1001 3835 byMai,
1024 3777 1166 3836 occupatu.
1187 3772 1242 3822 bibl.
1263 3775 1304 3824 vii.
1329 3791 1350 3825 1.
1372 3793 1396 3841 p.
1434 3767 1437 3774 ’

189 3858 359 3915 commentary
392 3867 426 3901 on
458 3850 501 3901 the
534 3851 619 3900 Minor
647 3851 768 3917 Prophets
818 3852 876 3911 408)
894 3851 1019 3916 explains:
1035 3852 1064 3901 τὸ
1080 3853 1269 3902 συνέκλεισεν
1284 3853 1338 3903 duri
1354 3859 1398 3904 τοῦ

190 3934 297 3998 (lligne,
323 3930 381 3997 325)
406 3933 455 3983 Th.
479 3933 610 3998 interprete
636 3933 685 3983 this
711 3948 766 3998 pas·
821 3932 954 3995 ‘iiryfuss
968 3935 1089 3994 stasim
1106 3935 1156 3985 aad
1170 3935 1289 4001 similarly
1307 3937 1396 4002 Chrys.

188 4030 263 4080 suge:
288 4017 315 4064 ἐκ
336 4013 385 4063 τῶν
406 4015 589 4077 προειληφότων
610 4017 655 4076 τὴν
677 4016 716 4064 ἐπὶ
738 4017 768 4064 τὸ
851 4031 873 4081 9.
907 4015 1024 4082 din'gcrc]
1053 4017 1198 4080 κατομθοῦει
1216 4011 1257 4068 see
1274 4037 1300 4084 p.
1314 4031 1352 4082 52,
1368 4022 1408 4071 ll.'

188 4101 269 4163 χεῖρον
279 4100 327 4148 τῶν
343 4099 473 4160 ἀνθρώπων
489 4099 662 4158 ἐπαιδεύθημεν
677 4099 762 4162 ῥοπήν,
817 4111 841 4152 ε,
855 4098 894 4146 ε8.

187 4185 228 4232 ἵνα
249 4184 362 4243 μάθωμεν
385 4183 423 4232 ὅτι
446 4184 509 4233 θείας
531 4183 629 4244 χάριτος
654 4183 764 4240 δεόμεθα.
849 4194 887 4240 24.
916 4180 1182 4243 quaciucr'pubutJruiu
1192 4183 1337 4239 μέλλουσαν.
1362 4187 1397 4232 So

188 4263 239 4314 llis
251 4263 360 4313 remarks
372 4279 404 4312 on
416 4263 458 4313 the
467 4278 569 4328 passage
579 4263 647 4314 itsell
654 4280 696 4313 are
708 4265 763 4322 lost,
819 4261 874 4309 Hil.
888 4259 923 4325 (in
936 4263 977 4311 Ps.
990 4260 1059 4324 xci),
1073 4262 1197 4318 Ambrstr.
1226 4265 1277 4312 For
1287 4265 1397 4330 incipere

185 4343 270 4392 unless
287 4343 329 4392 the
347 4343 468 4406 iragrnent
486 4343 598 4392 ascribed
616 4351 642 4392 to
655 4343 766 4392 Diodore
822 4363 843 4382 τ
849 4343 956 4402 μέλλειν,
969 4359 1009 4392 see
1018 4344 1127 4408 Rumon,
1138 4344 1212 4404 licia,
1221 4361 1264 4410 pp.
1274 4343 1328 4412 369,
1340 4361 1395 4410 370·

187 4427 303 4486 (Cramer
319 4426 352 4474 iv.
373 4427 432 4487 με)
452 4426 484 4474 be
506 4424 584 4488 really
604 4425 764 4474 Theodore's.
850 4437 890 4486 25.
921 4424 1057 4473 uotcudum
1084 4433 1123 4484 est,
1150 4425 1207 4487 ao]
1251 4429 1298 4478 See
1326 4429 1397 4478 Th.'s

185 4507 262 4556 Thtlt.
282 4507 317 4566 (in
335 4521 349 4554 a
367 4521 471 4569 passage
486 4505 598 4568 wrongly
609 4505 721 4554 ascribed
739 4513 766 4554 to
816 4521 906 4554 comm.
921 4521 953 4554 on
967 4506 1033 4569 Eph.
1046 4507 1062 4554 i.
1076 4525 1098 4568 4,
1113 4508 1191 4572 infru.

1222 4625 1307 4686 4--2
