3340 5232
258 421 324 502 ,144
593 416 821 469 Tucouoxus
845 417 1136 470 MoesUEsTENus
1293 405 1352 490 [11.
1370 416 1461 488 3-5.

257 587 347 653 enim
371 588 452 653 dicit
474 586 617 672 spiritus,
633 610 674 653 eo
697 589 786 671 quod
812 591 846 654 et
872 599 1000 654 motum
1027 591 1111 654 aeris
1134 585 1250 655 flatum
1266 607 1464 676 'nuncupare

257 692 497 755 consueuimus.
541 691 626 755 bene
650 701 763 755 autem
789 691 898 754 dixit:
922 691 981 773 qui
1005 712 1089 754 uteru
1111 691 1298 776 inoperatur
1320 693 1356 772 in
1372 691 1465 777 file'os

256 788 475 870 dffdccctiae,·
507 811 547 854 eo
577 792 666 874 quod
697 803 731 856 et
757 793 800 856 ab
826 791 883 855 illa
907 794 950 856 sit
976 795 1114 857 reiectus
1141 805 1314 876 potestate,
1341 804 1375 859 et
1400 796 1464 859 hoc

257 891 344 954 ultro
368 904 522 975 operatur
546 905 680 978 propter
704 895 829 959 arbitrii
854 894 904 957 sui
931 894 1197 960 mutabilitatem.
1242 895 1340 960 ‘haec
1365 897 1465 978 igitur

226 997 409 1083 5agebatis
438 997 574 1072 dudum,
612 1015 652 1060 eo
682 999 772 1080 quod
803 1006 837 1061 et
867 998 1069 1062 diabolicum
1103 1001 1331 1082 sequebamini
1369 1001 1464 1065 intel-

257 1096 390 1175 lectum,
417 1107 552 1162 etcum
579 1100 745 1181 praesenti
769 1099 832 1162 hac
858 1099 928 1163 uita
953 1101 1068 1164 omnia
1097 1112 1208 1165 uestra
1232 1103 1361 1167 definiri
1388 1123 1464 1166 cen-

257 1203 402 1269 sebatis’.
436 1213 470 1267 et
484 1205 642 1287 quoniam
657 1203 754 1280 dixit,
770 1225 834 1280 uos,
850 1213 887 1267 ut
902 1225 944 1267 ne
959 1204 1151 1268 subtrahere
1166 1227 1201 1268 se
1217 1205 1464 1270 existimaretur

257 1309 301 1372 ab
317 1308 380 1372 illis
395 1309 451 1391 qui
468 1309 686 1371 necessariam
702 1307 823 1372 habere
839 1308 1038 1371 uidebantur
1052 1309 1203 1390 gratiam,
1220 1310 1341 1373 adicit:
1367 1384 1371 1390 ³

322 1452 359 1523 iu
373 1456 488 1538 quibus
501 1466 532 1519 ct
545 1477 602 1519 uos
615 1477 723 1520 omues
736 1456 916 1520 conuersati
927 1477 1041 1519 sumus
1056 1457 1231 1539 aliquando
1246 1457 1282 1520 in
1296 1456 1465 1521 desideriis

207 1580 246 1628 10
256 1559 367 1624 carnis
391 1571 525 1636 nostrae,
546 1560 706 1642 facientes
733 1561 929 1624 uoluntatem
958 1559 1069 1624 caruis
1095 1571 1127 1624 et
1153 1561 1405 1644 cogitationum,·
1434 1570 1466 1624 et

256 1683 387 1728 eramus
401 1673 522 1726 natura
528 1661 603 1746 filii
616 1660 693 1735 irae,
707 1661 791 1724 sicut
803 1673 834 1725 et
847 1663 950 1727 ceteri.

323 1783 414 1845 omni
440 1803 485 1846 ex
511 1791 605 1863 parte
629 1781 836 1862 propositum
862 1779 964 1844 habet
989 1780 1138 1845 diuinam
1164 1801 1285 1863 augere
1311 1781 1462 1864 gratiam,

261 1884 346 1948 sicut
371 1893 405 1948 et
431 1884 465 1947 in
492 1883 583 1946 illam
608 1883 831 1946 narrationem
862 1903 963 1965 quam
991 1883 1034 1946 de
1057 1882 1122 1946 illis
1150 1883 1303 1964 expediit
1329 1904 1416 1965 quae
1442 1905 1463 1948 a

258 1989 334 2052 Deo
364 1988 452 2051 facta
488 1995 574 2063 sunt,
605 1985 795 2049 nominibus
825 1986 947 2048 abusus
978 1986 1099 2050 talibus
1136 1987 1256 2068 quibus
1294 1986 1349 2050 illa
1387 2008 1462 2052 cum

207 2095 243 2164 15
258 2099 438 2172 augmento
460 2088 717 2151 commendaret.
761 2086 808 2150 sic
830 2096 865 2150 et
886 2089 930 2151 ab
952 2089 1087 2151 arbitrio
1109 2107 1223 2152 eorum
1239 2089 1295 2172 qui
1311 2081 1464 2173 suscepess

257 2203 340 2271 rant,
368 2193 483 2256 uolens
513 2213 634 2274 augere
664 2191 729 2255 Dei
767 2191 998 2255 liberalitatem
1011 2209 1019 2270 ;
1053 2193 1212 2274 quoniam
1250 2213 1327 2256 cum
1364 2194 1464 2258 ualde

257 2304 369 2360 essent
394 2295 473 2357 mali
500 2304 533 2357 et
560 2293 687 2376 indigni
713 2294 912 2357 donationes
938 2292 999 2356 irui
1025 2293 1097 2356 illas
1121 2314 1207 2377 quae
1231 2317 1252 2358 a
1277 2295 1353 2358 Deo
1376 2305 1462 2371 sunt,

257 2407 371 2460 tamen
397 2404 431 2459 et
455 2395 560 2458 multa
583 2405 618 2459 et
643 2415 767 2478 magna
790 2395 902 2478 adepti
928 2404 1005 2457 sunt
1026 2395 1123 2459 bona.
1167 2416 1307 2477 quorum
1330 2405 1462 2460 etcum

258 2500 410 2564 maxima
435 2499 645 2562 accusatione
669 2519 872 2581 exaggerare
899 2499 1014 2562 nititur
1036 2499 1207 2564 malitiam.
1252 2501 1328 2564 ideo
1350 2501 1464 2564 uolua

201 2624 246 2674 20
257 2610 340 2667 tates
362 2599 472 2663 caruis
494 2608 527 2662 ct
548 2599 777 2682 cogitationum
801 2599 904 2678 dicit;
939 2608 981 2676 et,
1007 2621 1139 2664 uamus
1160 2611 1282 2665 natura
1298 2601 1376 2686 filii
1395 2602 1466 2666 irae

256 2713 291 2770 et
304 2693 415 2765 cetera
424 2721 433 2782 ;
456 2701 576 2783 quibus
591 2700 805 2765 uehementer
818 2703 991 2784 antiquam
1007 2721 1121 2767 eorum
1140 2702 1269 2776 incusat
1291 2704 1463 2775 malitiam.

256 2827 332 2870 cum
348 2826 428 2889 ergo
443 2805 527 2870 tales
542 2823 697 2882 essemus,
713 2804 793 2886 quid
810 2803 954 2868 accidit?

319 2957 411 3023 Deus
431 2969 539 3022 autem
560 2956 652 3021 diues
673 2977 745 3020 acm
764 2965 843 3020 esset
863 2955 901 3020 iu
924 2955 1152 3034 misericordia,
1168 2965 1301 3043 propter
1324 2957 1463 3022 inultam

254 3063 423 3128 caritatem
443 3085 538 3127 suam
553 3083 617 3146 qua
631 3061 746 3126 diluit
759 3083 823 3138 uos,
837 3071 869 3124 ct
887 3081 959 3125 mm
981 3081 1118 3125 essemus
1139 3060 1263 3126 nurtui
1282 3060 1320 3127 iu
1340 3061 1465 3125 delictis

200 3184 220 3233 2
224 3182 240 3251 5
254 3179 287 3234 ct
300 3167 488 3252 inpeccatis.

320 3316 400 3360 nam
423 3316 496 3360 cum
518 3315 655 3359 essemus
676 3293 741 3386 hoc
765 3293 798 3358 in
825 3293 901 3357 loco
925 3293 1047 3371 dicens,
1069 3292 1181 3376 signat
1205 3294 1295 3376 quod
1320 3291 1442 3359 luimus
1454 3317 1463 3374 ;

306 3473 321 3509 a
338 3467 456 3526 operetur
471 3459 505 3508 H
604 3477 620 3520 4
637 3457 704 3508 ultra
723 3458 745 3508 C
747 3457 797 3508 *H
909 3454 926 3506 6
952 3454 1057 3506 definire
1076 3454 1126 3506 H*
1245 3470 1275 3505 10
1291 3463 1388 3507 uestrae
1407 3453 1466 3520 (ser

256 3541 410 3607 nostree)H
418 3541 422 3606 Ι
435 3547 532 3590 uestrae
543 3537 690 3605 (afteamls)
702 3537 810 3588 addH*
912 3551 941 3586 ts
957 3536 1117 3586 diuinumH
1204 3552 1232 3602 ¹3
1250 3537 1386 3588 iuomH*
1402 3536 1406 3602 Ι
1421 3538 1464 3587 illa

256 3624 398 3675 narratione
411 3619 518 3686 C(corr)
534 3620 537 3686 Ι
551 3621 655 3684 expetiit
674 3619 748 3670 C⁴H
850 3635 880 3680 14
896 3617 922 3667 in
933 3618 1050 3668 omnibus
1067 3615 1125 3682 (for
1142 3617 1220 3683 nom.)
1240 3619 1274 3668 H
1378 3631 1407 3682 15
1430 3620 1464 3670 ab

255 3721 296 3756 om
306 3707 341 3756 H
451 3714 481 3767 17
498 3703 554 3752 illas
565 3703 612 3752 irui
622 3702 657 3751 H
768 3716 861 3766 19—21
879 3700 1091 3750 ideo...malitiam
1102 3717 1141 3750 om
1152 3701 1186 3750 H

256 3854 524 3923 pearstounderstnnd
535 3853 580 3904 roi
589 3849 723 3912 minares
731 3851 836 3912 ns=rs35
886 3845 981 3902 terreis·
1016 3849 1055 3900 Ci.
1073 3867 1100 3916 p.
1121 3861 1175 3913 145,
1192 3849 1210 3900 l.
1229 3860 1253 3911 5.
1286 3851 1325 3900 Et
1344 3852 1463 3916 quamne

258 3939 340 4000 πνοῆς,
359 3937 535 4003 punctuating:
565 3931 690 3984 ueretris
711 3932 766 3995 ἅρχ.
792 3935 836 3993 τῆς
884 3932 949 3980 daie
952 3969 1010 3980 ......
1013 3931 1088 3980 aduri
1103 3931 1125 3981 is
1141 3931 1208 3981 cited
1218 3931 1253 3995 by
1266 3931 1398 3983 lanfranc.

256 4019 290 4080 ἐξ.
320 4021 364 4068 τοῦ
391 4019 459 4081 ἀέρος
479 4018 523 4066 τοῦ
544 4018 686 4076 πνεύματος·
713 4013 758 4064 τοῦ
783 4014 833 4074 νῦν,
921 4029 958 4081 ¹9·
992 4013 1139 4075 uoluntates]
1180 4014 1212 4062 nt
1233 4014 1366 4074 delituere.
1406 4013 1463 4065 The

258 4099 341 4150 κ.τ.λ.
368 4097 424 4147 The
434 4097 482 4148 last
492 4096 601 4162 genitive
613 4093 667 4152 (roi
677 4091 725 4156 νῦν,
738 4096 834 4156 nrm.)
884 4094 921 4160 pl.
939 4095 961 4145 is
980 4093 1057 4145 found
1072 4095 1099 4144 in
1114 4094 1214 4145 Lucifer
1228 4095 1311 4146 Celer.
1327 4095 1378 4146 and
1393 4096 1459 4161 Aug.
1501 4149 1509 4165 ⁸

257 4179 291 4228 he
311 4193 391 4231 seems
411 4185 437 4226 to
456 4185 559 4228 connect
579 4175 640 4224 with
662 4173 704 4223 riv
728 4170 835 4237 ἄρχοντα
886 4175 918 4225 ln
935 4175 978 4226 the
994 4182 1046 4226 text
1064 4176 1092 4237 (l.
1110 4191 1147 4238 ιο,
1165 4177 1254 4241 supra)
1271 4177 1314 4227 the
1331 4177 1464 4228 trursletor

257 4259 292 4324 by
307 4260 448 4325 hypallage:
475 4258 506 4308 ei.
524 4257 619 4319 Winer,
642 4257 687 4318 (aa
708 4255 835 4320 Moulton)
885 4257 1005 4308 hasbeen
1017 4257 1059 4307 led
1069 4258 1153 4322 bythe
1164 4257 1286 4309 influence
1297 4255 1327 4309 o'l
1334 4255 1377 4309 the
1385 4259 1462 4326 Vulg.

257 4357 301 4407 pp.
315 4355 417 4408 γοα-ι.
884 4343 912 4391 to
922 4340 1000 4406 adopt
1012 4339 1054 4390 the
1065 4340 1129 4405 sing.

292 4437 315 4488 7.
348 4441 380 4475 ne
405 4423 544 4473 subtrahere
569 4437 595 4471 se
618 4421 700 4484 extit]
742 4421 834 4471 Thdt.:
919 4419 958 4472 26.
992 4437 1052 4470 nam
1068 4437 1123 4471 cum
1141 4437 1258 4478 essemus,
1279 4421 1339 4484 &el
1368 4420 1398 4472 ri
1412 4425 1464 4488 γὰρ

259 4503 384 4558 cunina
406 4507 445 4554 rel
470 4505 561 4566 tauris,
587 4505 668 4563 κοινὴν
691 4505 743 4563 τὴν
763 4501 834 4552 ,ὅσον
884 4502 969 4554 derne
990 4500 1094 4552 ἐνταῦθα
1115 4501 1191 4552 sitris
1206 4505 1317 4564 σημαίνει
1336 4504 1373 4554 dre
1390 4501 1461 4566 ἦμεν,
