3332 5210
115 373 119 378 ’
186 379 224 445 V.
244 397 271 464 5,
286 383 327 468 6.]
527 391 531 398 ’
591 400 632 451 ru
658 399 708 453 ΕΡ.
733 401 783 451 no
807 401 981 454 cntnrns.
1350 393 1393 471 89

186 567 328 634 iudicem
354 571 473 654 ipsum,
501 593 576 636 cum
601 564 771 639 uindicare
793 575 970 639 ueritatem
997 584 1130 658 tempus
1153 575 1341 654 inueneriu
1357 586 1391 641 et

185 673 264 754 quia
290 675 372 739 nihil
397 697 512 741 eorum
536 698 623 760 quae
647 679 830 743 secundum
858 699 894 742 se
915 689 1009 742 erant
1030 678 1163 761 reliquit
1183 680 1216 742 in
1239 688 1391 764 tempore

186 774 371 854 uiolentiae,
388 798 495 860 neque
516 779 688 860 adquieuit
712 779 778 843 illis
800 801 887 863 quae
910 800 976 843 non
993 781 1078 844 bene
1101 780 1244 860 fiebant;
1269 803 1288 845 e
1312 801 1391 846 con-

185 881 286 942 trario
302 901 380 944 uero
396 891 430 944 et
445 882 652 946 contradixit
668 890 702 946 et
718 892 926 948 contestatus
947 895 1006 960 est,
1022 884 1158 967 litigans
1179 905 1240 967 pro
1256 885 1390 948 uirtutis

184 1004 265 1047 suae
294 986 525 1068 possibilitate.
568 986 687 1051 talium
719 987 807 1051 enim
839 989 1009 1071 proprium
1040 997 1092 1052 est
1122 997 1159 1051 ut
1189 989 1303 1052 omnia
1333 987 1390 1053 illa
1427 1003 1442 1069 5

186 1083 299 1150 dicant
321 1107 408 1170 quae
430 1098 622 1171 competere
643 1090 712 1153 suis
732 1091 885 1173 partibus
909 1090 1114 1164 existimant,
1139 1097 1174 1153 et
1200 1088 1390 1171 frequenter

184 1187 294 1251 dicere
317 1189 374 1252 illa
396 1200 430 1254 et
453 1192 699 1273 compendiose,
723 1194 809 1257 sicut
834 1200 867 1255 et
892 1190 954 1253 hoc
980 1191 1013 1253 in
1036 1190 1110 1255 loco
1130 1189 1251 1254 Paulus
1272 1189 1389 1254 fecisse

185 1291 324 1357 uidetur.
372 1293 517 1378 denique
540 1305 722 1378 postquam
752 1297 862 1379 arguit
892 1295 1056 1358 malitiam
1087 1302 1182 1357 actus
1213 1313 1336 1370 eorum,
1368 1315 1387 1357 e

184 1395 348 1458 contrario
374 1398 476 1460 etiam
502 1419 563 1462 sua
587 1398 835 1481 posuit—quod
867 1406 901 1460 et
929 1394 993 1458 hoc
1020 1396 1117 1478 ipsud
1143 1397 1313 1479 proprium
1338 1405 1389 1459 est

185 1495 317 1559 illorum
332 1500 388 1579 qui
405 1509 653 1563 contestantur:
1408 1517 1445 1564 ιο

248 1662 305 1704 nos
318 1643 404 1707 euim
422 1645 554 1728 Spiritu
567 1646 679 1730 cxfidr
694 1661 777 1730 spem
794 1645 940 1710 iustitiae
953 1657 1157 1730 expectamus.

249 1769 463 1836 solummodo
479 1775 558 1856 quia
581 1795 648 1838 non
671 1774 794 1838 clamat
816 1784 850 1838 et
871 1775 953 1839 dicit
972 1776 1131 1858 quoniam
1152 1774 1254 1839 ‘nihil
1271 1775 1388 1840 horum

185 1883 334 1936 nostrum
361 1884 427 1955 est;
458 1877 584 1942 nullam
609 1899 685 1942 cum
713 1879 784 1942 istis
809 1877 971 1942 habemus
1001 1878 1281 1944 communionem.
1326 1899 1388 1942 nos

185 1976 352 2041 iustificari
383 2000 557 2063 speramus
587 2003 647 2065 per
677 1981 789 2059 fidem,
818 1983 964 2064 Spiritus
992 1990 1214 2065 expectantes
1243 1983 1387 2066 gratiam

185 2104 243 2165 per
268 2107 369 2168 quam
397 2096 430 2151 et
452 2087 635 2171 perfectam
663 2087 828 2151 bonorum
852 2086 1142 2170 participationem
1165 2084 1389 2169 adquirimus!
1407 2107 1440 2174 ις

184 2197 217 2251 et
233 2188 341 2252 adhuc
357 2189 407 2254 his
423 2209 483 2254 sua
497 2199 717 2254 connectens:
1079 2176 1086 2184 ’

248 2338 283 2402 iu
310 2339 438 2406 Christo
465 2341 600 2423 (inquit)
628 2340 702 2404 lesu
728 2361 827 2424 neque
848 2340 1046 2405 circumcuio
1070 2339 1155 2423 quid
1175 2340 1269 2419 ualet,
1294 2361 1391 2424 neque
1478 2375 1482 2381 ·

175 2444 382 2524 praeputiruu
392 2465 407 2517 ,·
433 2443 581 2526 srdfides
599 2443 703 2528 [quae]
713 2454 777 2525 'prr
789 2445 957 2508 caritatem
972 2444 1165 2526 inoperatur.

211 2591 213 2596 ·
250 2572 351 2636 ‘talia
377 2581 456 2636 sunt
482 2571 540 2635 illa
571 2593 659 2654 quae
686 2573 871 2636 secundum
897 2571 1066 2637 Christum
1091 2581 1168 2636 sunt
1192 2571 1239 2636 ita
1263 2580 1299 2636 ut
1321 2591 1387 2635 non

184 2675 216 2734 in
246 2673 501 2748 circumcisione,
529 2692 595 2736 non
623 2674 657 2736 in
689 2674 865 2757 praeputio
895 2675 1017 2738 ueritas
1047 2675 1091 2737 sit
1115 2672 1261 2738 definita.
1304 2673 1387 2736 fides
1397 2665 1445 2736 ‘20
1494 2659 1496 2665 ¹

183 2777 271 2839 enim
298 2785 349 2840 est
371 2777 460 2858 apud
486 2796 547 2840 nos
571 2789 659 2859 quae
681 2778 795 2841 omnia
821 2776 961 2859 implet;
995 2797 1097 2859 quam
1125 2778 1227 2841 etiam
1255 2785 1289 2840 et
1309 2797 1389 2858 erga

184 2879 240 2943 illa
270 2901 356 2963 quae
379 2887 603 2962 expectantur
624 2889 886 2961 consequentem
915 2879 1002 2943 illius
1028 2879 1200 2962 promissis
1231 2881 1389 2944 conuenit

182 2983 414 3060 demonstrari,
429 2983 462 3046 in
478 2984 618 3048 caritate
633 2983 817 3066 perfectam
834 2982 936 3047 fidem
960 2982 1167 3047 exhibentes.
1213 2983 1387 3046 caritatem

182 3098 294 3152 autem
311 3088 391 3152 dicit
408 3085 499 3151 illam
519 3107 607 3170 quae
621 3107 701 3170 erga
725 3087 837 3150 Deum
859 3095 910 3151 est
929 3095 962 3150 et
984 3106 1063 3168 erga
1081 3085 1285 3168 proximum.
1331 3087 1388 3168 qui

183 3194 271 3257 enim
287 3190 428 3256 credidit
444 3210 510 3253 non
527 3190 681 3255 absoluta
701 3189 848 3272 quadam
873 3189 1066 3264 intentione,
1081 3187 1141 3253 sed
1165 3209 1240 3252 cum
1257 3189 1388 3254 animae
1402 3203 1441 3270 25

183 3315 263 3358 suae
299 3293 465 3370 firmitate,
495 3292 582 3356 sicut
618 3301 653 3355 et
683 3301 734 3355 est
764 3291 899 3354 credere
929 3292 1140 3368 conueniens,
1172 3291 1310 3354 euidens
1339 3299 1390 3355 est

182 3398 340 3481 quoniam
370 3405 404 3460 et
434 3394 571 3478 diligere
602 3415 677 3459 eum
715 3395 882 3459 adceleret
908 3404 1027 3477 utpote
1049 3395 1199 3459 omnium
1223 3396 1387 3462 bonorum

183 3501 278 3565 nobis
293 3499 504 3564 conlatorum
520 3508 712 3577 auctorem;
737 3519 797 3562 nec
816 3518 882 3561 non
895 3508 929 3562 et
945 3497 1137 3581 proximum
1157 3497 1284 3582 diligat.
1309 3521 1387 3566 nam

233 3641 309 3706 ripsi
330 3641 465 3690 CromH
528 3641 606 3703 7h0c
625 3656 664 3690 om
684 3640 729 3690 H'
804 3639 1084 3704 9ipsumC(corr)H
1148 3653 1174 3688 11
1195 3638 1395 3702 SpiritumCH

186 3735 213 3771 ra
230 3722 370 3772 conclamat
388 3722 446 3786 (for
462 3739 513 3773 non
532 3723 632 3783 clamat)
655 3722 676 3772 C
693 3721 766 3784 (corr)
784 3719 868 3786 {dicat
887 3721 920 3770 H
1114 3733 1142 3782 η
1160 3719 1255 3783 aliquid
1269 3721 1304 3769 H
1315 3720 1389 3782 (corr)

186 3805 214 3852 18
231 3819 295 3868 quae
306 3819 345 3852 om
359 3803 398 3854 θ’
410 3803 445 3853 H
587 3820 600 3853 2
605 3819 618 3866 3
636 3803 661 3853 in
673 3803 802 3852 caritatem
814 3801 949 3866 perfectam
964 3799 999 3850 Cl
1011 3799 1037 3849 in
1049 3799 1151 3849 caritate
1162 3799 1271 3864 perlecta
1285 3799 1388 3864 C(c0rr)

183 3900 214 3947 ²4
231 3885 357 3949 proximos
369 3883 428 3949 (sor
437 3901 495 3950 erga
507 3885 656 3951 proximum)
669 3885 703 3933 H
825 3881 856 3932 26
872 3883 977 3948 dignum
989 3881 1043 3945 (bes
1046 3889 1085 3931 est
1096 3881 1176 3942 cred.)
1188 3882 1240 3930 add
1250 3881 1273 3931 C
1282 3881 1355 3946 (corr)
1372 3880 1377 3946 Ι

182 3974 207 4016 et
219 3967 273 4032 (ast.
288 3969 405 4028 conuen.)
417 3967 502 4018 addc
592 3969 622 4018 28
639 3967 721 4031 diligit
736 3967 758 4017 C

217 4112 254 4147 rr.
272 4097 489 4162 solummodoqru'a
500 4112 551 4146 nou
561 4095 664 4157 clamat]
679 4113 760 4156 uovor-
811 4095 935 4159 probably
952 4095 1001 4143 due
1019 4101 1046 4143 to
1062 4091 1183 4152 accident,
1202 4107 1232 4142 or
1249 4098 1275 4142 to
1292 4092 1335 4142 the
1352 4093 1388 4143 in·

181 4179 237 4239 ουχὶ
247 4178 340 4240 κράζων
349 4193 368 4226 s.
383 4178 456 4239 βοῶν.
811 4177 903 4227 sertion
915 4177 944 4226 oi
952 4175 1042 4239 inquit.

217 4272 256 4321 17.
289 4259 318 4306 r'n
336 4239 503 4320 Chrr'sto...I.]
526 4258 611 4322 Vulg.,
635 4258 761 4307 “namin
844 4273 884 4320 ²3·
913 4256 941 4305 ἐκ
959 4255 1061 4304 cantate
1074 4253 1206 4318 perfectam
1216 4251 1305 4316 fidon]
1345 4253 1385 4305 Cl'.

181 4336 242 4387 Chr.
263 4334 304 4384 1.”
336 4337 387 4398 I'dp
403 4338 425 4386 is
441 4338 553 4401 wanting
568 4337 594 4387 in
611 4353 628 4386 a
643 4338 691 4386 sew
708 4337 760 4388 Glr.
812 4339 839 4388 S.
857 4338 941 4403 James
959 4337 985 4386 ii.
1005 4349 1052 4384 er:
1072 4332 1163 4383 ἐκτῶν
1180 4333 1288 4396 rmum)
1308 4334 1389 4388 πίστις

182 4421 260 4471 MSS.
270 4419 378 4480 (Tisch.⁸
386 4419 456 4468 adh.
467 4420 496 4481 Ι.)
507 4437 515 4480 ;
532 4421 577 4470 but
588 4420 631 4470 the
642 4419 760 4469 omission
811 4420 946 4478 ἐτελειώθη.
965 4411 1385 4480 Demonstrari=drodelfurdurlih

181 4501 210 4550 ot
229 4502 273 4552 the
292 4500 451 4564 conjunctiora
474 4503 507 4566 by
525 4517 570 4551 our
590 4501 723 4550 translator
740 4501 760 4550 is
813 4501 843 4550 ln
856 4499 899 4550 the
909 4507 967 4549 next
980 4513 1044 4564 page
1057 4499 1083 4562 (l.
1101 4500 1141 4561 14)
1152 4497 1172 4549 it
1182 4497 1204 4548 is
1214 4498 1319 4564 passive.
