3332 5210
182 403 240 468 IV.
258 402 319 487 ²4]
580 415 621 466 ru
647 416 700 466 sn.
725 417 775 465 no
799 417 975 467 unumne
1348 413 1392 480 77

180 600 379 675 acceperant
408 601 690 668 conuersarentur,
721 601 755 656 et
786 593 876 656 illam
905 592 1065 656 iustitiam
1098 611 1184 674 quae
1216 591 1292 654 inde
1319 598 1390 654 erat

180 698 385 780 susciperent
418 697 568 778 (propter
589 695 680 778 quod
705 704 738 759 et
761 697 804 760 de
827 696 989 780 Aegypto
1010 697 1173 774 exierunt,
1203 705 1237 759 et
1259 705 1389 758 remoto

181 799 214 862 in
243 799 318 863 loco
345 796 478 862 suerunt
504 800 698 878 constituti;
731 809 768 865 ut
794 801 838 865 ab
866 803 957 865 omni
984 803 1134 885 gentium
1165 800 1389 883 permixtione

181 903 356 984 segregati,
371 922 447 966 cum
469 904 673 986 competenti
694 902 826 966 cautela
845 905 1011 968 custodire
1034 913 1170 987 possent
1194 903 1302 985 legem
1326 900 1388 964 sibi

181 1003 332 1086 datam);
354 1005 402 1068 sic
422 1014 456 1067 et
477 1003 534 1067 illa
551 1024 638 1087 quae
659 1005 842 1070 secundum
867 1005 1036 1070 Christum
1057 1015 1134 1068 sunt
1155 1005 1240 1068 hanc
1263 1002 1388 1066 habent
1426 1016 1441 1085 5

180 1105 400 1171 intentionem
423 1115 457 1170 et
479 1106 589 1182 finem,
607 1117 643 1170 ut
665 1107 816 1170 soluatur
836 1109 972 1190 quidem
997 1129 1095 1186 mom,
1114 1116 1287 1190 resurgant
1309 1127 1388 1169 uero

181 1229 298 1274 omnes
321 1209 472 1276 homines
498 1211 554 1294 qui
582 1210 733 1293 quolibet
758 1220 910 1294 tempore
937 1211 1078 1288 suerunt,
1103 1221 1137 1275 et
1162 1213 1194 1274 in
1219 1208 1387 1274 inmortali

183 1310 271 1376 ultra
296 1311 421 1396 degant
452 1321 579 1388 natura,
607 1333 667 1376 nec
694 1333 833 1396 peccare
864 1313 1001 1377 ulterius
1029 1313 1097 1376 ullo
1128 1311 1229 1376 modo
1260 1313 1388 1395 possint

183 1425 320 1498 propter
342 1415 433 1478 illam
458 1417 600 1498 gratiam
626 1415 769 1499 Spiritus
790 1437 878 1500 quae
903 1418 988 1481 inest
1013 1417 1076 1480 illis
1088 1416 1117 1494 3*
1141 1438 1200 1500 per
1225 1435 1327 1498 quam
1355 1423 1388 1478 et

183 1520 227 1584 ab
250 1519 341 1583 omni
368 1529 506 1602 peccato
532 1522 637 1584 securi
664 1520 870 1584 habebimur.
917 1520 999 1585 haec
1024 1522 1112 1584 enim
1138 1519 1327 1583 iustihcatio
1354 1523 1447 1588 etro

183 1644 262 1688 uera
284 1633 335 1687 est
358 1633 392 1687 et
416 1623 570 1705 perfecta
616 1625 703 1688 iusta
722 1645 801 1706 ergo
822 1625 950 1688 ratione
971 1634 1005 1688 et
1029 1633 1218 1687 testamenta
1238 1623 1389 1686 similiter

185 1736 326 1808 utraque
352 1727 493 1802 uocauit,
517 1727 672 1808 eoquod
701 1725 757 1789 illa
784 1727 856 1809 ipsa
881 1747 968 1809 quae
991 1728 1048 1791 lex
1071 1726 1225 1802 docebat,
1249 1725 1331 1789 haec
1353 1735 1388 1789 et

184 1833 291 1911 gratia
316 1851 376 1913 per
405 1851 507 1912 opera
537 1830 721 1912 dirigebat;
756 1830 883 1894 scilicet
914 1838 950 1894 ut
980 1839 1014 1894 et
1045 1829 1137 1893 Deus
1168 1829 1325 1912 diligatur
1354 1839 1388 1893 et

184 1932 366 2014 proximus.
410 1931 493 1995 haec
522 1942 635 1995 autem
667 1931 739 2014 ipsa
769 1932 870 1996 etiam
906 1931 963 1996 lex
993 1953 1125 1995 seruare
1155 1931 1389 2014 praecipiebat,

185 2035 373 2098 discernens
404 2043 506 2116 atque
535 2036 658 2098 docens
689 2035 781 2098 nullo
812 2036 914 2098 modo
944 2034 1065 2099 debere
1092 2053 1237 2116 peccare.
1280 2033 1387 2115 gratia
1407 2055 1440 2122 ¹5

184 2145 296 2199 autem
320 2137 353 2199 id
377 2137 532 2219 operibus
548 2135 665 2218 implet
688 2158 747 2219 per
770 2137 1043 2201 resurrectionem
1066 2145 1099 2200 et
1123 2135 1214 2198 illam
1230 2136 1388 2200 inmorta-

185 2236 313 2301 litatem
330 2258 416 2320 quae
431 2247 512 2302 tunc
528 2239 624 2302 nobis
640 2239 746 2302 aderit
763 2260 822 2321 per
838 2239 999 2322 Spiritum
1013 2260 1020 2317 ;
1043 2260 1064 2302 a
1080 2259 1148 2320 quo
1164 2246 1198 2301 et
1213 2237 1388 2324 gubernati

183 2349 263 2403 tunc
278 2359 416 2423 peccare
432 2361 643 2422 nequaquam
660 2340 850 2422 poterimus

249 2443 438 2506 iustificatio
460 2443 614 2525 equidem
636 2453 687 2508 est
708 2445 794 2508 etin
817 2445 890 2527 lege
912 2442 972 2528 [et]
993 2445 1083 2527 apud
1104 2443 1285 2510 Christum.
1330 2445 1389 2508 sed

185 2547 218 2611 in
242 2546 316 2631 lege
338 2548 475 2630 quidem
499 2548 684 2630 adquiritur
706 2548 749 2612 ab
777 2547 833 2611 illo
859 2549 916 2630 qui
942 2548 1053 2612 labore
1077 2548 1183 2612 multo
1210 2558 1244 2612 et
1269 2549 1390 2612 sudore
1405 2577 1451 2625 20

184 2670 259 2712 eam
280 2648 453 2732 adquirere
476 2650 618 2732 poterit;
642 2649 733 2732 quod
757 2661 828 2714 erat
852 2635 1076 2726 durissimum,
1094 2651 1197 2715 immo
1216 2650 1264 2731 (ut
1281 2653 1390 2714 uerius

184 2752 306 2833 dicam)
338 2752 540 2835 inpossibile,
566 2753 593 2816 si
616 2762 731 2817 tamen
754 2773 815 2835 pro
838 2753 949 2836 legum
973 2752 1228 2834 scrupulositate
1255 2755 1288 2816 id
1317 2755 1390 2837 quis

186 2851 287 2917 uellet
302 2855 469 2930 iudicare3
494 2874 573 2917 nam
590 2874 656 2917 non
672 2875 811 2937 peccare
833 2876 878 2918 ex
902 2857 1032 2938 integro
1052 2854 1221 2938 hominem
1244 2856 1391 2918 existen-

185 2965 255 3021 tem
282 2958 475 3041 inpossibile
501 2967 560 3023 est.
616 2957 669 3021 hic
694 2979 772 3021 uero
799 2979 858 3040 per
884 2958 990 3022 solam
1017 2957 1159 3040 gratiam
1187 2958 1390 3038 adquiritur;

186 3081 246 3124 nec
262 3062 351 3125 enim
368 3082 505 3144 peccare
521 3061 607 3125 ultra
625 3063 810 3145 poterimus
835 3070 914 3125 tunc
932 3060 1068 3143 quando
1086 3068 1119 3123 et
1138 3069 1282 3141 excepto
1300 3062 1391 3124 omni
1406 3086 1423 3132 2
1429 3082 1444 3149 ς

185 3163 309 3246 labore,
336 3165 428 3229 illam
455 3185 541 3248 quae
567 3186 587 3229 a
616 3165 750 3230 Christo
776 3173 828 3228 est
858 3165 1083 3229 obtinebimus
1113 3164 1390 3229 iustificationem.

185 3401 415 3468 πολιτεύεσθαι
432 3399 518 3487 [τούς
538 3397 634 3465 αὐτὸν
653 3397 920 3486 ταρειληφότας],
935 3397 988 3464 καὶ
1004 3395 1065 3478 τὴν
1085 3395 1204 3463 ἐκεῖθεν
1225 3393 1393 3462 δικαίωσιν

186 3503 350 3592 δέχεσθαι·
371 3503 470 3575 οὕτως
492 3502 548 3569 καὶ
570 3505 633 3568 τῶν
655 3504 740 3566 κατά
761 3499 906 3586 Χριστὸν
927 3498 944 3564 ὁ
967 3498 1091 3570 σκοπὸς
1113 3497 1204 3570 οὗτος
1225 3498 1265 3579 ἦν
1287 3501 1339 3564 καὶ
1355 3499 1392 3562 τὰ

185 3608 287 3688 τέλος,
316 3607 457 3689 λυθῆναι
484 3606 542 3688 μὲν
576 3605 631 3671 τὸν
667 3605 811 3682 θάνατον,
842 3603 1046 3672 ἀναστάντας
1079 3601 1113 3667 δὲ
1147 3600 1291 3674 ἅπαντας
1321 3601 1393 3672 τοῖς

185 3710 320 3780 πώποτε
334 3712 503 3796 ’γεγονότας
518 3707 706 3796 άνθράντονς
721 3709 755 3774 ἐν
766 3706 916 3793 ἀθανάτῳ
932 3705 1055 3788 διάγειν
1067 3709 1105 3791 τῇ
1121 3702 1228 3793 φύσει,
1240 3705 1392 3789 μηδαμῶς
1408 3734 1450 3798 30

186 3820 342 3906 ὁμαρτεῖν
357 3813 606 3904 ἐπιδεχομένονς
622 3814 670 3880 ἔτι
693 3809 746 3876 διά
764 3811 823 3894 τὴν
843 3813 981 3877 ἐνοῦσαν
1000 3807 1108 3880 αὐτοῖς
1128 3807 1177 3875 ἔτι
1199 3809 1272 3875 τότε
1296 3809 1393 3897 χάριν

185 3926 245 3990 τοῦ
264 3922 452 4002 πνεύματος.

236 4068 375 4133 4sida‘tam
387 4063 607 4130 (sorsibid.)H”
693 4061 832 4125 ildegeant
848 4061 912 4111 CH
988 4057 1199 4126 pestinilllsH
1273 4077 1302 4112 10
1318 4061 1394 4112 habe-

186 4151 322 4202 banturll
424 4163 449 4197 ιι
470 4145 677 4210 ultraqueC*H
774 4161 802 4205 ¹4
819 4143 873 4208 ipsa
884 4144 925 4193 lex
937 4145 1011 4194 etlam
1024 4145 1057 4193 H
1161 4159 1188 4207 15
1206 4159 1279 4209 posse
1291 4160 1395 4209 peccare

186 4234 278 4284 debere
290 4229 334 4281 H*
344 4245 351 4277 :
363 4247 426 4290 corr,
441 4245 509 4294 pecc.
523 4228 582 4278 deb.
693 4241 722 4290 25
740 4241 815 4275 omne
829 4225 864 4275 C*

187 4361 249 4410 wilh
265 4358 338 4410 Tb's
354 4373 446 4409 comm.
464 4357 491 4406 in
508 4355 558 4404 this
576 4355 655 4420 place,
672 4353 767 4418 adding
817 4361 882 4404 store
900 4353 942 4403 the
959 4353 1008 4404 Gk.
1026 4359 1076 4402 text
1088 4353 1151 4402 from
1163 4355 1206 4403 the
1218 4355 1299 4404 latin.
1312 4353 1395 4403 which

187 4443 237 4492 and
249 4442 366 4505 omitting
377 4441 426 4490 nnd
439 4438 609 4502 disregarding
621 4437 662 4486 the
678 4437 767 4496 order;
818 4436 839 4484 is
857 4434 985 4484 donbtless
1004 4433 1101 4483 faithful
1119 4433 1145 4483 in
1161 4433 1204 4484 the
1221 4435 1288 4484 main
1308 4443 1334 4484 to
1352 4434 1395 4484 the

188 4542 230 4576 see
247 4541 286 4573 vv.
306 4524 331 4573 ll.
379 4523 475 4572 Ihave
495 4521 668 4571 endeavoured
687 4528 712 4569 to
731 4535 767 4569 re·
819 4513 931 4580 original.
