3340 5232
281 412 343 481 192
441 389 444 398 '
616 412 843 465 ansooonus
868 411 1161 465 nonsussnanus
1265 397 1337 483 [Vl.
1356 401 1493 478 13-.1⁶

279 579 449 644 cumillis.
488 601 611 645 nouam
628 583 849 648 adiectionem
868 591 903 648 et
920 583 1059 666 dignam
1081 581 1213 646 illorum
1235 582 1410 647 stultitiae!
1433 582 1492 666 qui

278 680 326 742 sic
354 678 603 759 intellexerunt,
630 692 669 747 ut
694 704 736 747 ne
762 685 1032 749 existimaremus
1056 685 1214 767 quoniam
1236 684 1394 748 aduersus
1415 682 1493 746 illos

277 802 378 865 super
391 780 520 844 caelum
535 781 698 848 habemus
713 806 871 869 pugnare.
915 787 974 850 sed
991 803 1058 851 non
1074 787 1122 851 sic
1137 808 1173 852 se
1189 789 1273 853 ratio
1288 790 1406 868 habet;
1429 791 1490 854 sed

277 889 383 953 uoluit
401 889 510 952 dicere
525 889 685 970 quoniam
704 893 777 972 ‘pro
793 889 857 952 illis
871 910 958 973 quae
973 889 1147 973 adquirere
1162 911 1393 975 properamus;
1412 914 1490 957 cum

245 990 408 1068 scaelesti
434 991 523 1056 enim
550 992 811 1055 commoratione
836 993 938 1058 etiam
964 1003 1000 1057 et
1024 993 1082 1058 illa
1103 995 1192 1059 bona
1214 1016 1300 1078 quae
1324 997 1358 1061 in
1385 995 1490 1060 caelis

277 1100 355 1156 sunt
379 1091 478 1176 potiri
502 1089 674 1168 uolumus3
705 1113 766 1175 pro
796 1095 916 1176 quibus
945 1095 1106 1159 aduersus
1137 1095 1319 1161 inuisibiles
1349 1097 1490 1167 uirtutes

278 1194 374 1258 nobis
390 1204 440 1258 est
455 1194 588 1259 bellum.
633 1195 745 1277 itaque
760 1197 808 1259 sic
824 1217 885 1260 nos
900 1199 1057 1262 conuenit
1072 1219 1144 1263 esse
1160 1210 1305 1282 paratos,
1321 1200 1415 1282 quasi
1431 1201 1489 1284 qui

278 1308 312 1361 et
328 1317 387 1380 pro
402 1298 525 1362 talibus
540 1307 574 1362 et
589 1298 751 1362 aduersus
766 1297 849 1363 tales
865 1298 989 1364 bellum
1005 1302 1127 1366 habere
1143 1303 1334 1372 uideamur.’
1374 1316 1489 1374 tamen

277 1399 425 1462 adiciens
451 1398 579 1462 dictum
604 1397 697 1462 illum
724 1401 803 1483 quia
827 1423 889 1464 nen
918 1411 966 1465 est
994 1402 1085 1466 nobes
1112 1404 1310 1481 conluctatio,
1337 1405 1402 1470 hoc
1427 1417 1488 1484 est,

227 1501 411 1577 10bellum‚
438 1511 473 1564 et
499 1501 622 1566 abusus
648 1503 875 1568 indifferenter
900 1504 1156 1570 conluctationis
1183 1527 1315 1584 nomen,
1341 1511 1490 1593 sequitur

278 1606 397 1670 iterum
413 1625 508 1668 suam
524 1607 742 1688 sequentiam,
758 1608 852 1688 quasi
868 1608 925 1689 qui
941 1607 984 1671 de
1000 1608 1089 1672 bello
1104 1611 1261 1692 disputet,
1276 1621 1311 1674 et
1326 1613 1426 1680 dicit:

334 1766 469 1840 propter
490 1756 547 1820 noc
567 1757 718 1820 resumite
738 1757 849 1820 omnia
868 1778 966 1822 arma
988 1758 1060 1838 Dei,
1080 1770 1119 1823 ut
1131 1761 1268 1844 possitis
1289 1763 1434 1829 resistere
1454 1765 1490 1829 in

279 1861 331 1925 die
347 1861 498 1944 maligno,
514 1871 547 1924 et
558 1860 669 1925 omnia
676 1860 876 1944 perficientes
888 1871 984 1926 stare.

345 2013 424 2057 nam
445 1995 533 2076 quod
551 1993 632 2059 dicit
649 1993 684 2056 in
698 1993 751 2057 die
765 1994 918 2078 maligno,
935 2005 971 2059 ut
986 1996 1077 2060 dicat
1093 1996 1142 2059 ‘in
1158 2006 1310 2079 tempore
1325 1998 1490 2080 pessim0,'

228 2112 264 2181 15
281 2108 489 2180 praesentem
511 2099 615 2162 uitam
635 2100 682 2162 sic
703 2099 888 2176 nominans,
905 2120 946 2162 eo
968 2100 1057 2181 quod
1074 2099 1213 2163 malain
1228 2100 1292 2164 hoc
1307 2101 1440 2165 saeculo
1455 2103 1489 2166 in

280 2212 455 2285 praesente
470 2201 540 2266 uita
555 2213 705 2285 aguntur.
749 2211 783 2267 et
799 2222 885 2284 quae
900 2203 967 2267 sint
981 2203 1092 2267 omnia
1106 2223 1204 2267 arnna
1219 2204 1319 2270 dicit:

344 2361 428 2415 state
440 2373 515 2435 erge
528 2353 785 2418 circumcirutum
799 2353 948 2419 habentes
962 2354 1107 2419 lumbum
1122 2364 1267 2418 uestrum
1283 2353 1320 2418 in
1335 2353 1488 2428 ueritate,-

278 2462 310 2516 εί
330 2451 454 2517 induite
474 2454 606 2518 uncam
629 2453 779 2534 iustitiae,
802 2468 834 2520 et
851 2456 982 2520 caniati
990 2455 1088 2538 pedes
1108 2466 1231 2520 nestros
1250 2454 1287 2520 in
1305 2466 1488 2538 praepara-

283 2557 366 2621 tione
379 2558 542 2640 euangelii
547 2559 650 2641 pacis.

228 2711 271 2760 20
348 2687 604 2771 circumcingere
624 2688 807 2764 ueritatem,
828 2687 950 2752 uestire
971 2687 1141 2762 iustitiam,
1157 2685 1296 2750 calciare
1310 2705 1436 2769 pacem,
1452 2697 1492 2751 ut

283 2789 388 2853 dicat:
412 2788 468 2852 ‘de
482 2789 534 2852 his
550 2789 644 2852 uobis
660 2791 702 2853 sit
718 2787 915 2865 sollicitudo,
931 2789 964 2853 id
980 2799 1039 2866 est,
1052 2788 1095 2851 de
1110 2789 1252 2853 ueritate
1266 2797 1301 2852 et
1316 2787 1442 2851 iustitia
1458 2798 1494 2852 et

283 2913 374 2976 pace.
418 2893 501 2957 haec
516 2894 611 2957 uobis
627 2892 802 2975 imponite3
826 2891 897 2958 istis
913 2913 973 2955 uos
988 2892 1089 2955 armis
1105 2891 1249 2956 munite?
1287 2900 1321 2955 et
1332 2891 1491 2973 quoniam

283 2998 397 3061 omnia
412 2997 477 3061 illis
491 3007 585 3061 erant
600 2996 770 3072 tradenda,
786 3017 872 3078 quae
888 2994 1049 3059 militibus
1064 2996 1195 3070 adsunt,
1212 2993 1350 3058 adiecit:

350 3142 446 3214 super
464 3132 612 3197 omnibus
627 3142 735 3195 autern
757 3131 959 3194 adsumentes
977 3139 1103 3193 scutum
1114 3127 1207 3214 fidei,
1228 3128 1264 3192 in
1283 3147 1344 3211 quo
1359 3127 1495 3210 possitis

230 3247 248 3295 2
253 3245 269 3313 5
284 3238 395 3303 emnia
410 3237 517 3301 iacula
532 3235 660 3299 inimici
674 3234 783 3318 ignita
796 3233 1005 3317 exstinguere.

335 3423 349 3473 5
367 3407 507 3464 caelestem.
526 3405 748 3456 commorationem
770 3403 809 3454 C*
825 3400 868 3467 let
885 3419 925 3452 om
942 3400 990 3452 H·
1147 3400 1163 3451 6
1181 3401 1262 3466 potire
1282 3397 1320 3464 C}
1336 3400 1446 3450 aduersis
1464 3401 1500 3450 H

287 3505 318 3541 1ο
342 3488 536 3539 conluctationes
555 3486 602 3536 li*
699 3501 728 3548 ¹4
754 3484 863 3550 maligna
885 3483 950 3534 CH
989 3477 993 3488 '
1036 3482 1066 3533 16
1082 3481 1252 3547 praesentit!
1344 3482 1373 3532 18
1389 3481 1493 3534 luricam

288 3568 350 3618 CH
359 3565 363 3632 Ι
378 3565 481 3616 calciate
499 3566 533 3616 H

322 3709 360 3750 1ο.
393 3698 765 3761 abusus...nenun]1.anlranc
916 3695 1042 3746 Ambrstr.

321 3797 360 3832 11.
392 3782 479 3831 σακία
502 3797 576 3830 arma
598 3782 664 3844 Det]
696 3781 736 3832 Ci
759 3797 784 3847 p.
806 3794 862 3846 190,
948 3794 987 3842 05·
1023 3777 1134 3840 inimici]
1167 3777 1223 3827 ’lhe
1235 3775 1285 3827 Glr.
1297 3783 1350 3826 text
1364 3775 1434 3841 gives
1449 3772 1497 3824 τοῦ

285 3861 303 3912 l.
316 3863 340 3920 8,
354 3866 423 3910 note.
916 3858 1021 3922 πονηροῦ
1036 3857 1142 3908 without
1161 3857 1266 3916 variant,
1291 3857 1341 3906 and
1358 3857 1401 3906 the
1418 3856 1494 3907 Latin

322 3959 359 4007 ¹5·
388 3941 699 4008 praesentem...aguntur]
718 3941 850 3991 Lansranc.
914 3939 1025 3989 versions
1058 3937 1218 4003 correspoud.
1260 3936 1316 3986 Our
1345 3936 1495 3987 translation

322 4026 358 4083 18,
374 4039 413 4074 20.
449 4020 687 4082 calamitatium]
714 4019 754 4070 Ci.
778 4019 863 4069 Tisch.
915 4021 1141 4086 suggestsagloss,
1158 4019 1202 4068 roi
1216 4019 1314 4084 ἐχθροῦ,
1331 4020 1377 4068 τοῦ
1390 4019 1495 4069 mense·

286 4105 353 4154 Cod.
366 4103 461 4153 Amiat.
472 4103 578 4167 prolegg.
591 4119 615 4168 p.
630 4101 699 4150 xxix.
914 4105 995 4164 μένου,
1013 4118 1043 4152 or
1060 4103 1104 4152 the
1121 4102 1173 4151 like
1182 4119 1190 4162 ;
1209 4102 1255 4151 but
1274 4102 1385 4166 possibly
1402 4102 1421 4150 it
1438 4102 1460 4152 is
1478 4117 1494 4152 a

320 4203 359 4237 so.
394 4185 620 4248 circumcingere...
629 4183 700 4248 pace]
732 4182 806 4233 Cited
829 4181 864 4247 by
915 4198 983 4232 mere
1010 4181 1143 4245 oversight.
1186 4179 1229 4230 On
1256 4180 1299 4230 the
1326 4180 1398 4230 other
1425 4179 1495 4230 hand

288 4269 384 4318 Roben
403 4267 432 4317 ol
451 4268 491 4327 B.,
514 4267 539 4316 in
557 4265 642 4316 whose
661 4264 825 4329 compilation
844 4264 864 4312 it
915 4263 994 4328 ignim
1023 4260 1061 4326 (so
1083 4261 1163 4321 Tert,
1185 4261 1272 4326 Cypr,
1301 4260 1385 4312 Sedul.
1412 4261 1495 4326 soon)

287 4351 309 4400 is
319 4349 432 4399 ascribed
444 4357 471 4398 to
483 4347 621 4412 Augustine
635 4345 667 4409 (A
671 4344 718 4410 ιι.)-
915 4360 1023 4396 answers
1035 4352 1061 4394 to
1072 4344 1115 4396 the
1131 4345 1182 4394 Gk.
1200 4359 1270 4395 more
1281 4345 1367 4410 nearly
1378 4345 1438 4394 than
1450 4345 1495 4398 the

322 4447 360 4495 ²4·
396 4429 603 4495 superomm'bus]
635 4429 703 4477 =trl
716 4428 797 4478 πᾶσιν.
830 4425 865 4478 So
915 4425 991 4492 Vulg.
1019 4427 1098 4492 tyna.
1141 4426 1184 4477 On
1211 4423 1427 4491 ignire=rupoiv
1453 4443 1495 4479 see

287 4512 377 4576 Chrys.
387 4511 437 4561 and
447 4511 537 4570 Tude,
554 4510 603 4559 and
613 4525 706 4574 arnong
714 4510 756 4559 the
767 4509 861 4568 Latius,
917 4509 1026 4570 Rdnsch,
1041 4509 1115 4566 Itala,
1128 4525 1153 4574 p
1171 4507 1224 4571 156.
