3340 5232
175 389 234 458 1v.
249 391 279 470 6,
295 391 338 476 7.]
592 406 635 455 nr
659 405 712 458 aa.
735 407 786 456 no
809 405 997 460 aenasros.
1321 393 1379 474 165

175 593 252 638 nem
269 575 344 640 Filii
360 577 449 641 dicit.
479 577 537 642 sed
549 585 723 660 tamquam
738 576 766 640 si
778 587 816 641 ut
831 577 939 641 dicat:
954 581 1038 640 ‘non
1054 575 1203 641 diuerso's
1219 577 1381 654 dominos,

175 698 283 760 neque
298 680 447 744 diuersos
462 681 543 744 deos
559 701 632 744 esse
647 681 887 746 existimamus.
933 681 1162 764 inseparabilis
1180 681 1269 746 enim
1292 681 1382 765 apud

172 787 237 844 ‘nos
252 792 303 846 est
318 793 352 846 et
366 783 501 847 deitatis
517 794 551 848 et
566 783 804 848 dominationis
819 785 991 851 confessio.
1037 805 1098 850 nec
1114 785 1203 871 enim
1222 786 1383 850 essentias

175 885 357 949 diuidimus
372 887 555 950 secundum
572 906 746 951 numerum
762 908 986 970 personarum,
1011 889 1070 954 sed
1089 889 1241 954 similiter
1260 889 1383 954 scimus

176 984 354 1051 adorare'*
1421 1003 1437 1071 5

240 1119 299 1202 qui
311 1131 407 1202 super
418 1140 527 1184 omnes
539 1130 571 1184 et
576 1130 640 1202 per
651 1121 762 1185 omnia
776 1132 807 1186 et
821 1122 858 1186 in
872 1123 1020 1187 omnibus
1034 1123 1132 1190 nobis.

241 1245 324 1330 †qui
355 1249 509 1313 omnibus
539 1250 782 1332 supereminet:
815 1249 880 1314 hoc
910 1251 999 1314 enim
1029 1251 1110 1316 dicit
1143 1262 1240 1333 super
1268 1273 1383 1318 omnes.

176 1352 255 1434 quia
269 1362 301 1416 et
305 1361 369 1433 per
382 1353 492 1415 omnia
507 1353 603 1417 nobis
626 1373 720 1416 suam
736 1353 882 1418 ostendit
904 1355 1157 1437 prouidentiam,
1179 1355 1216 1419 in
1237 1356 1385 1420 omnibus

177 1473 311 1535 quoque
325 1454 416 1517 nobis
432 1464 467 1519 et
481 1476 554 1519 esse
568 1465 602 1519 et
616 1454 767 1520 habitare
782 1456 934 1521 creditur.
979 1466 1012 1520 et
1023 1457 1181 1538 quoniam
1197 1478 1257 1539 per
1271 1458 1384 1522 omnia

177 1555 242 1620 ista
257 1557 404 1622 ostendit
420 1556 485 1622 illis
500 1561 719 1622 necessariam
740 1579 813 1622 esse
835 1559 1055 1636 concordiam,
1072 1559 1249 1623 uidebatur
1269 1569 1383 1624 autem
1402 1576 1441 1624 10

177 1659 342 1741 quaedam
360 1662 406 1724 eis
423 1662 530 1726 inesse
545 1662 730 1727 differentia
745 1662 789 1726 ob
804 1663 985 1744 gratiarum
1001 1661 1196 1727 uarietatem
1211 1687 1218 1727 ι

242 1800 411 1885 unicuique
424 1814 532 1868 autem
547 1814 693 1870 nostrum
707 1805 787 1869 data
806 1815 854 1869 est
868 1805 985 1888 gratia
1004 1805 1176 1870 secundum
1198 1825 1385 1870 masuram

177 1901 360 1969 donationis
377 1904 507 1996 Chrzlrti.

245 2033 286 2096 ‘si
316 2043 429 2098 autern
455 2035 623 2118 propriam
646 2037 816 2120 quandam
838 2035 980 2119 gratiam
1004 2034 1186 2118 spiritalem
1209 2034 1386 2117 unusquis·

179 2156 243 2218 que
259 2147 408 2202 nostrum
424 2137 534 2216 habet,
549 2140 735 2204 differentia
751 2161 830 2204 uero
846 2139 934 2204 facta
949 2149 1008 2216 est,
1022 2149 1123 2222 prout
1140 2159 1237 2202 suum
1258 2139 1384 2202 donum
1403 2147 1438 2216 15

179 2239 355 2322 unicuique
385 2251 535 2305 nostrum
564 2242 720 2306 dominus
750 2243 918 2307 dimittere
947 2242 1105 2324 dignatus
1137 2251 1189 2306 est
1224 2239 1385 2306 Christus,

178 2437 305 2525 κυρίους
319 2437 393 2507 οὐδὲ
409 2439 581 2529 διαφόρους
595 2441 762 2524 νομίζομεν
777 2439 874 2512 θεοός·
897 2437 1129 2510 ἀδιάσπαστος
1148 2437 1212 2526 ’γάρ
1231 2435 1310 2520 ἡμῖν
1329 2438 1386 2517 τῆς

180 2539 332 2626 θεότητος
361 2543 417 2609 καὶ
446 2545 503 2624 τῆς
532 2544 719 2630 κυριότητος
748 2541 769 2624 ἡ
800 2541 970 2624 ὁμολογία,
999 2540 1036 2606 οὐ
1064 2537 1290 2624 διαιρουμένων
1321 2539 1386 2604 τῶν

177 2648 315 2728 ιςινωμιῖιν
327 2644 421 2727 ἡμῶν
435 2645 521 2711 κατὰ
543 2643 598 2711 τὸν
616 2649 681 2712 τῶν
702 2645 890 2730 προσώπων
913 2632 1061 2731 άριθμόν,
1073 2639 1166 2708 ἀλλὰ
1189 2642 1251 2725 τὴν
1273 2641 1387 2725 ὁμοίαν

179 2746 400 2814 ἀποδιδόντων
413 2745 656 2835 armentionem?
1400 2755 1444 2804 20

246 2848 263 2912 ό
297 2849 346 2915 ἐπὶ
384 2854 514 2916 πάκτων
546 2848 589 2928 δέ,
623 2847 676 2914 ἵνα
708 2849 783 2933 εἴπῃ
814 2847 852 2914 ’ό
884 2847 1017 2914 πάντων
1050 2844 1218 2934 ὑπερέχων
1251 2848 1306 2914 καὶ
1340 2851 1386 2913 Διό

181 2955 310 3018 πάντων
327 2951 419 3035 ἡμιδν
433 2951 492 3033 τὴν
506 2950 628 3019 οἰκείαν
643 2949 898 3033 ἐπιδεικνύμενος
920 2949 1085 3037 πρόνοιαν,
1101 2951 1136 3015 ἐν
1154 2949 1241 3015 πᾶοίςι
1259 2974 1294 3015 τε
1308 2948 1387 3032 ἡμῖν

181 3053 262 3123 εἶναι
291 3056 346 3122 καὶ
374 3056 473 3122 οἰκεῖν
501 3053 753 3138 πιστευόμενος]
795 3053 852 3120 καὶ
882 3051 993 3133 ἐπειδὴ
1024 3052 1078 3118 διὰ
1106 3051 1238 3120 πάντων
1268 3049 1386 3135 ἔδειξεν

180 3159 288 3231 αὐτοῖς
310 3155 369 3242 τὴν
390 3156 549 3242 ὁμόνοιαν,
572 3155 674 3223 ε’δόιιει
696 3155 731 3222 δέ
754 3180 804 3228 τις
828 3153 936 3226 αὐτοῖς
959 3153 1042 3221 εἶναι
1067 3151 1209 3243 διαφορὰ
1234 3151 1302 3220 άπὸ
1329 3152 1387 3234 τῆς

180 3265 245 3329 τοῖιν
267 3261 482 3351 χαρισμάτων
505 3259 684 3339 ποικιλίας,
711 3256 868 3347 ἐπιφέρει·
891 3257 937 3324 eni
962 3261 998 3324 te*
1024 3259 1144 3343 ἑκάστῳ
1172 3259 1265 3323 *indm
1291 3257 1385 3323 ἑιόθιι
1400 3270 1440 3339 25

182 3369 201 3432 ri
228 3371 307 3453 χόρια
335 3366 409 3431 κατά
428 3365 465 3430 τό
492 3367 609 3450 ιιέτροιι
635 3371 694 3429 τῆς
723 3369 843 3449 Δωριάς
873 3363 929 3437 τοῨ
954 3363 1079 3448 χριστοῨ.
1125 3359 1155 3426 εί
1182 3357 1218 3424 δὲ
1247 3356 1327 3425 ἴδιόν
1354 3383 1388 3425 τι

180 3467 334 3558 χάρισμα
357 3466 494 3536 ἕκαστος
516 3463 606 3548 ἡμῶν
625 3463 705 3553 ἔχει,
723 3463 742 3545 ἦ
762 3461 903 3552 διαφορά
915 3463 1046 3546 γέγονεν
1069 3461 1174 3532 safris
1193 3459 1253 3544 τόν
1273 3459 1386 3527 ἑαυτοῦ

233 3641 243 3675 ι
263 3625 306 3676 sed
317 3625 359 3674 uel
369 3623 441 3689 quasi
452 3622 523 3685 [τοι
533 3621 600 3684 corr]
610 3622 678 3672 diem
689 3637 737 3672 nec
747 3621 798 3670 diu.
810 3621 844 3670 H
940 3640 956 3684 4
973 3619 1089 3670 uidemur
1100 3619 1158 3684 (sor
1167 3615 1258 3680 diuid.)
1273 3615 1312 3666 C*
1324 3615 1387 3666 diui·

181 3703 433 3792 demusC(cm)I{
509 3703 658 3770 9soperH
739 3717 766 3752 ιι
785 3702 866 3752 inesse
876 3701 956 3752 eisH
1031 3700 1061 3752 16
1077 3700 1138 3751 Chr.
1150 3701 1220 3766 dign.
1232 3702 1314 3752 estH

217 3857 239 3904 3.
276 3857 317 3891 nec
331 3841 397 3890 enim
413 3841 534 3901 essentias,
550 3839 608 3902 &cl
649 3837 690 3889 Cf.
714 3837 757 3888 the
808 3836 845 3887 f!
856 3833 901 3898 τὴν
912 3837 1055 3888 δεσποτείαν
1067 3836 1185 3896 σημαίνει.
1197 3833 1261 3886 τόδὲ
1274 3833 1387 3897 ‘dum

182 3923 348 3974 'l'heodoreen
376 3921 497 3971 ecthesis:
541 3918 706 3982 ὁμολογοῦμεν
733 3920 759 3968 δὲ
807 3913 1386 3980 τὴντρόνααντδδέγε“ἐνπ.’,τὴνὲοοίκητιο.
1423 3925 1424 3928 ’

182 4007 277 4067 πατέρα
292 4005 385 4053 τέλειον
402 4003 702 4067 τροτάτῳ....σωζ·ομέναυ
716 4003 760 4050 τοῦ
809 4001 871 4050 And
900 4000 1021 4064 similarly
1049 3998 1151 4063 Chrys,
1183 3999 1257 4060 Oea,
1288 3999 1383 4065 Thpht.

181 4086 259 4149 λόγου
276 4084 318 4145 τῆς
338 4083 459 4147 εὐσεβείας
479 4083 536 4143 ἡμῖν
554 4083 590 4144 τῷ
607 4083 702 4145 πατέρα
719 4083 758 4132 καὶ
810 4083 885 4134 Dam.
907 4099 941 4134 on
960 4082 1003 4133 the
1022 4082 1095 4132 other
1112 4081 1180 4131 hand
1200 4097 1254 4132 sees
1273 4081 1299 4132 in
1317 4081 1387 4133 these

184 4169 238 4228 vitu,
267 4165 353 4226 ὁμοίως
374 4168 413 4215 καὶ
436 4163 528 4225 πνεῦμα
545 4165 622 4228 lyron,
641 4167 675 4224 μὴ
697 4167 759 4228 τρεῖς
809 4163 892 4214 words
911 4164 944 4212 τά
962 4163 1005 4223 τῆς
1023 4163 1118 4224 τριάδος
1137 4162 1271 4221 ἰδιώματος
1291 4161 1341 4211 and
1358 4177 1387 4212 so

182 4265 247 4298 rom
262 4247 388 4308 διαφόρους
403 4243 484 4296 vietus
499 4245 608 4309 νομίζειν,
626 4241 759 4304 manto
810 4243 836 4296 S.
849 4244 949 4308 Jerome
968 4242 1019 4291 and
1040 4242 1126 4292 Sedul.
1147 4242 1216 4292 Scot·
1239 4241 1296 4312 ¹On
1316 4240 1387 4294 Tha

181 4328 215 4392 τῇ
224 4329 354 4389 ταυτότητι
366 4325 409 4388 τῆς
420 4325 534 4387 θεότητος
544 4327 725 4392 γνωριζομένην.
808 4325 922 4376 doctrine
929 4325 959 4376 of
966 4324 1009 4374 the
1021 4324 1113 4374 Divine
1122 4325 1287 4385 ἐνοίκηαιςςος
1296 4323 1385 4388 above,

216 4425 240 4474 7.
280 4410 325 4476 qui
354 4407 652 4469 omnibus...uan·etatm]
685 4407 759 4459 Cited
809 4421 835 4471 p.
851 4404 1069 4468 142‚1.10‚uote.

182 4491 367 4558 byLanfmnc·
401 4491 440 4542 ci.
453 4485 590 4542 Thdtart
606 4492 687 4550 μέντοι
702 4491 760 4539 ’ἐπὶ
