3340 5232
149 413 176 478 1.
192 411 342 497 27-30·]
508 424 550 502 ru
574 425 628 476 re.
652 423 704 474 nu
729 421 1001 474 rummrsusas.
1291 423 1353 488 ²13

148 605 185 660 ut
207 595 266 662 illa
287 616 374 680 quae
396 593 533 660 meliora
556 603 633 660 sunt
655 601 903 678 recognoscant,
927 601 962 657 et
983 601 1119 676 propter
1140 589 1204 655 hoc
1225 609 1357 674 semper

148 719 256 782 aequo
282 699 394 764 studio
419 698 629 781 diligentiam
657 696 795 780 implere
819 695 992 788 meliorem
1017 705 1143 780 optent
1189 699 1279 781 quod
1305 709 1358 764 est

149 809 261 864 autem
277 802 347 865 eius
363 798 562 864 consilium?

213 951 366 1035 queniam
380 951 478 1016 statis
491 952 527 1020 in
543 971 606 1015 uno
619 951 739 1036 spiritu
755 949 946 1015 unianimes.

214 1081 279 1144 hoc
301 1089 360 1158 est,
382 1080 600 1144 ‘concordatis
622 1079 736 1144 uobis'
780 1088 815 1143 et
840 1098 926 1162 quae
949 1077 993 1142 sit
1016 1077 1143 1144 utilitas
1163 1080 1359 1147 concordiae
1396 1105 1412 1171 5

150 1185 324 1269 explicans
337 1208 345 1251 ι

214 1347 424 1402 concertantes
446 1335 482 1400 e’n
495 1335 567 1419 fide
587 1332 749 1416 euangelii
757 1355 773 1409 ,·
806 1341 838 1396 et
858 1353 921 1396 non
944 1332 1133 1398 terreamini
1154 1333 1190 1398 e'n
1212 1335 1300 1400 nulle
1318 1337 1361 1402 ab

149 1439 360 1516 aduersariis,
375 1459 457 1522 puae
470 1447 518 1502 est
530 1437 599 1500 illis
612 1456 711 1499 causa
717 1435 923 1519 perditionis,
939 1435 1029 1501 nobes
1042 1446 1150 1499 autem
1164 1437 1290 1502 salutis.

218 1566 388 1648 ‘poteritis
430 1563 562 1648 (inquit)
594 1563 836 1628 concordantes
873 1561 1037 1626 auxilium
1078 1562 1175 1626 uobis
1215 1564 1359 1628 inuicem

152 1679 320 1751 praestare
342 1671 377 1732 in
398 1667 472 1746 fide,
488 1669 536 1732 ita
557 1677 594 1731 ut
610 1687 677 1730 non
699 1667 890 1731 concedatis
910 1665 975 1729 illis
995 1687 1081 1751 quae
1099 1667 1143 1731 ab
1163 1667 1360 1734 aduersariis
1378 1679 1417 1729 10

152 1773 249 1835 uobis
271 1772 471 1850 inseruntur;
496 1791 581 1854 quae
604 1770 736 1834 illorum
758 1770 895 1854 quidem
921 1773 1116 1854 perditionis
1138 1771 1264 1838 habent
1285 1795 1362 1857 pro-

153 1879 330 1954 bationem,
356 1875 414 1959 qui
444 1876 530 1939 iusta
555 1876 683 1939 ratione
707 1894 834 1958 poenas
857 1875 952 1940 luent
977 1895 1038 1958 pro
1062 1877 1183 1960 quibus
1206 1877 1240 1941 in
1262 1877 1360 1941 uobis

153 1983 235 2048 talia
256 1989 369 2066 agunt.
414 1978 509 2042 uobis
532 1999 611 2042 uero
631 1978 722 2043 salus
741 1999 785 2042 ex
801 1978 866 2042 hoc
889 1981 959 2058 erit,
976 1993 1076 2064 quam
1098 1982 1279 2065 adquiretis
1299 2002 1360 2065 pro

153 2088 273 2171 quibus
303 2087 337 2149 in
367 2083 533 2167 praesenti
563 2083 632 2147 uita
661 2084 943 2167 contemplatione
980 2087 1115 2169 pietatis
1151 2089 1361 2170 passionibus

154 2187 385 2253 oblectamini.¹
430 2195 464 2249 et
479 2206 664 2269 prouocans
679 2207 737 2252 eos
753 2187 795 2250 ad
813 2189 1003 2271 passionem
1019 2189 1220 2256 ineundam:
1379 2218 1390 2264 1
1398 2213 1413 2281 5

215 2347 248 2402 et
260 2337 316 2401 noc
329 2358 351 2401 a
365 2337 457 2414 Dee,·
478 2337 630 2420 quoniam
645 2337 735 2403 trebir
755 2337 870 2404 datum
890 2349 939 2404 est
952 2351 1015 2424 pro
1037 2339 1165 2407 Clerrssrto
1179 2363 1242 2408 nen
1256 2344 1360 2408 solum

152 2439 240 2504 utin
255 2439 349 2504 illum
363 2437 509 2516 credatis,
523 2439 582 2502 sed
591 2450 623 2504 et
628 2451 693 2524 pro
708 2439 763 2504 ille
770 2442 960 2524 pateremini.

218 2565 417 2631 sufficienter
432 2565 496 2630 illis
511 2576 545 2630 et
560 2564 650 2631 hisce
670 2567 768 2631 dictis
784 2566 989 2634 alacritatem
1006 2571 1180 2654 praestitit,
1197 2571 1360 2654 quuidem

153 2667 200 2733 sic
215 2670 340 2733 bonum
356 2678 407 2732 est
420 2669 492 2750 pati
515 2689 576 2751 pro
595 2667 736 2746 Christo,
754 2671 800 2734 ita
821 2682 858 2734 ut
878 2682 913 2737 et
931 2674 1070 2756 dignum
1090 2675 1133 2737 sit
1152 2672 1199 2736 illi
1222 2693 1283 2756 pro
1298 2673 1362 2737 hoc

154 2775 256 2838 etiam
271 2775 395 2857 gratias
410 2793 507 2856 agere
522 2775 567 2837 ob
583 2772 658 2836 illos
674 2773 781 2837 lucros
796 2775 854 2856 qui
870 2774 934 2838 illis
949 2775 1027 2841 hinc
1041 2777 1274 2841 adnascuntur.
1375 2798 1418 2845 20
1510 2809 1517 2816 ·

218 2879 340 2942 deinde
355 2876 514 2960 exemplo
530 2877 580 2939 sui
596 2878 704 2959 magis
720 2897 776 2940 eos
792 2877 1011 2943 adhortatur:

219 3029 303 3092 idem
326 3039 484 3092 certamen
508 3025 656 3091 habentes
679 3027 767 3109 qued
786 3027 920 3092 uidistis
942 3029 977 3092 in
999 3050 1049 3094 me
1068 3037 1100 3095 et
1121 3050 1206 3094 nunc
1221 3029 1363 3094 andirtis

154 3129 194 3194 de
208 3151 266 3195 me.

203 3333 220 3377 4
235 3314 365 3364 unanimes
378 3313 485 3377 Chore)
497 3313 532 3364 H
537 3331 553 3364 r
681 3327 695 3378 7
713 3315 739 3364 in
750 3315 803 3365 ullo
816 3314 924 3376 Cleerr)
936 3331 953 3363 r
1071 3315 1087 3363 8
1104 3313 1149 3364 illa
1160 3313 1219 3379 (jer
1229 3313 1288 3375 illis)
1302 3314 1364 3364 CH

158 3415 188 3450 ιο
204 3397 342 3448 cedatisH
437 3411 465 3460 13
482 3403 596 3448 exoceret
608 3396 665 3463 (εἴτε
675 3398 763 3461 sorex
775 3398 823 3448 hoc
833 3395 889 3461 erit)
904 3395 939 3446 C'
1041 3408 1070 3459 15
1087 3395 1291 3446 adiectnminiH
1318 3396 1362 3446 ob·

155 3479 281 3530 lectemini
292 3496 309 3528 r
405 3491 438 3527 no
453 3479 497 3528 ille
508 3481 577 3529 lucra
587 3495 604 3529 r
700 3493 729 3530 αι
748 3495 794 3530 suo
805 3479 839 3529 H
932 3493 962 3527 nn
979 3477 1006 3526 in
1017 3493 1058 3528 me
1068 3493 1107 3526 em
1121 3476 1156 3527 C*

190 3647 213 3681 n.
247 3631 380 3693 meliorem]
414 3631 473 3680 For.
485 3632 534 3695 leg.
547 3630 684 3680 mellonem.
784 3625 827 3677 the
839 3627 872 3676 0.
885 3626 930 3684 ω
947 3623 973 3673 in
984 3623 1028 3674 the
1039 3623 1115 3690 Vulg.
1131 3625 1173 3674 the
1184 3623 1236 3674 first
1248 3623 1363 3688 negative

188 3734 212 3778 4.
235 3715 386 3777 unianintes]
425 3715 474 3766 See
493 3730 534 3763 vv.
549 3713 576 3762 ll.
613 3713 649 3763 So
665 3713 730 3764 Cod.
784 3711 936 3776 disappears.

157 3796 251 3846 Amiat.
272 3796 330 3845 here
347 3795 397 3844 and
415 3795 440 3843 in
457 3810 479 3844 c.
495 3795 521 3844 ii.
538 3811 560 3853 n,
580 3810 625 3852 no;
645 3794 690 3843 but
708 3793 733 3842 in
818 3807 856 3842 no.
878 3791 969 3853 lueres]
1003 3791 1041 3842 Cl.
1053 3805 1079 3856 p.
1091 3801 1132 3855 93,
1144 3789 1161 3838 l.
1174 3803 1198 3854 9,
1211 3795 1277 3838 note.

157 3876 219 3925 Acts
235 3875 276 3926 xii.
297 3891 337 3935 no,
358 3876 431 3924 Rom.
451 3891 492 3923 xv.
509 3873 534 3934 6,
555 3889 566 3922 1
586 3875 639 3923 Pet.
658 3874 691 3924 iii.
707 3875 730 3935 ⁸,
817 3890 856 3925 αι.
881 3873 1027 3923 deinde...de
1037 3873 1083 3934 me]
1110 3872 1217 3937 Jacobii
1229 3871 1360 3922 “uerba...

156 3957 294 4004 unanimes.
329 3955 405 4003 From
417 3955 460 4004 the
470 3954 578 4003 division
589 3953 618 4002 ol
628 3955 670 4003 the
681 3961 733 4003 text
783 3971 935 4022 quamquam
949 3956 1031 4006 Pitrae
1042 3955 1122 4004 codex
1132 3969 1184 4002 non
1198 3952 1362 4016 eontinetnp·

156 4039 175 4088 it
187 4036 271 4086 would
281 4051 348 4086 seem
360 4051 387 4084 as
399 4035 420 4083 il
434 4035 492 4096 Th,
506 4035 567 4084 with
579 4035 668 4100 Chrys.
683 4036 733 4085 and
784 4041 912 4105 posuimus
928 4054 959 4090 ex
977 4039 1075 4088 Rabani
1087 4046 1175 4088 eatena
1186 4035 1361 4102 deprompta.’'

158 4119 225 4167 “the
247 4118 302 4166 best
323 4117 422 4167 ancient
444 4117 575 4167 versions''
599 4115 729 4182 (Ellicott),
784 4122 856 4187 They
871 4137 945 4172 occur
963 4121 989 4171 ln
1005 4120 1066 4170 both
1084 4134 1130 4168 our
1146 4119 1232 4178 MSS..
1251 4119 1296 4168 but
1311 4117 1363 4166 had

157 4197 264 4250 referred
283 4201 308 4248 ir
325 4197 370 4260 μιᾷ
389 4195 459 4261 ψυχῇ
477 4206 503 4248 to
525 4200 629 4258 στήκετε
651 4199 734 4250 rather
783 4203 1011 4254 beenoverlooked
1024 4201 1145 4266 byCard.
1161 4200 1237 4249 Pitrn.
1269 4199 1362 4248 Andir-

156 4281 216 4331 than
228 4290 255 4331 to
266 4281 446 4330 συναθλοῦντες.
784 4285 816 4334 tis
837 4285 858 4334 is
880 4285 943 4335 lrom
963 4285 1006 4334 the
1026 4283 1101 4333 Latin
1119 4281 1248 4339 Versions,
1267 4279 1363 4344 though

190 4377 213 4428 7.
240 4362 411 4424 concertantes]
444 4362 500 4413 ΤΙιο
522 4363 556 4414 0.
580 4363 608 4412 L.
635 4363 734 4413 render·
784 4367 877 4415 aeduis
892 4365 913 4415 is
929 4365 1006 4415 lound
1022 4364 1127 4414 iuTert.
1141 4361 1262 4424 (Riinsch
1276 4361 1313 4411 N.
1333 4361 1360 4412 T.

155 4447 215 4510 ing;
240 4443 325 4508 vulg„
346 4443 533 4494 commorantes.
575 4443 734 4494 “Non...in
790 4447 853 4495 Tm.
867 4461 891 4510 p.
907 4443 1164 4508 486lnndAmbrstr.

156 4524 248 4575 nullo'’
260 4523 361 4590 (uhtu
370 4523 462 4588 palent)
475 4523 540 4574 linds
550 4522 621 4589 place
638 4522 691 4573 also
709 4524 734 4574 iu
816 4525 921 4589 exemplo
967 4521 1126 4584 adhortatur]
1161 4520 1291 4570 lanfranc.
