3332 5210
268 391 329 454 126
599 406 827 459 rxaoooxus
850 406 1141 459 norsuasrauus
1343 393 1383 478 [l.
1399 409 1428 476 7,
1444 397 1473 459 8.

332 574 367 639 in
382 596 443 657 qno
456 575 609 640 habemus
622 575 864 658 redemptionem
879 585 943 658 per
959 576 1151 658 sangninem
1165 573 1241 651 eius,
1257 573 1474 638 remissionem

266 675 461 755 delictorum,
475 678 647 744 secundum
661 679 801 744 diuitias
816 680 950 762 gratiae
963 679 1033 742 eins
1046 700 1145 761 quam
1159 678 1326 744 aboridare
1338 678 1424 761 feeit
1438 677 1475 740 in

268 781 364 846 nobis.

334 937 411 979 nam
427 918 522 1004 quod·
534 917 633 982 dicit:
654 917 690 980 in
705 938 773 1004 qno,
791 916 909 980 iterum
923 916 969 978 ‘in
987 913 1133 980 Christo’
1149 915 1238 979 dicit.
1283 915 1362 979 inde
1377 914 1475 996 origi-

239 1033 254 1100 5
270 1040 346 1083 nem
363 1022 512 1084 omnium
528 1030 562 1084 et
578 1021 766 1084 fruitionem
783 1017 904 1082 habere
919 1019 1108 1096 ostendens,
1125 1019 1171 1081 ita
1187 1028 1224 1081 ut
1239 1019 1346 1099 magis
1362 1038 1419 1080 eos
1440 1017 1474 1080 in

269 1123 407 1186 caritate
429 1124 644 1205 coniungeret
668 1122 789 1187 Christi
801 1144 809 1200 ;
831 1122 882 1184 ‘in
906 1121 979 1203 ipso
999 1119 1131 1204 (inquit)
1160 1118 1301 1196 Christo,
1326 1121 1383 1202 qui
1414 1138 1476 1201 pro

271 1225 367 1286 nobis
383 1225 548 1307 suscipere
564 1235 704 1288 mortem
720 1225 877 1306 dignatus
893 1234 950 1300 est,
968 1221 1031 1286 hoc
1047 1233 1098 1286 est
1112 1223 1186 1300 dici,
1204 1243 1263 1305 per
1277 1223 1475 1304 sanguinem

271 1329 341 1390 eius
370 1339 583 1409 peccatorum
613 1328 801 1410 accepimus
836 1328 1083 1406 remissionem
1121 1347 1222 1409 quam
1253 1325 1344 1389 nullo
1374 1325 1477 1387 modo

271 1430 409 1512 adsequi
424 1442 623 1514 poteramus,
640 1432 668 1494 si
689 1453 756 1494 non
776 1431 883 1494 multa
898 1432 1064 1512 quaedam
1088 1429 1152 1494 Dei
1176 1451 1254 1514 erga
1276 1451 1338 1494 nos
1361 1429 1476 1492 fuisset

221 1542 260 1590 10
271 1531 395 1613 gratia!
448 1532 665 1596 remissionem
690 1534 777 1596 enim
802 1531 864 1596 hoc
888 1533 921 1595 in
945 1533 1027 1610 loc0,
1050 1553 1118 1596 non
1141 1533 1392 1607 consessionem,
1416 1532 1474 1594 sed

272 1634 453 1717 plenariam
480 1637 561 1700 dicit
587 1646 798 1718 peccatorum
825 1636 1049 1701 abolitionem.
1094 1636 1202 1700 simile
1227 1647 1278 1701 est
1304 1647 1415 1701 autem
1442 1646 1476 1701 et

271 1739 335 1802 hoc
357 1740 483 1803 dictum
508 1739 553 1803 illi
577 1741 675 1816 dicto,
697 1748 735 1802 ut
754 1739 859 1802 simus
876 1741 982 1804 sumti
994 1750 1026 1804 et
1039 1740 1264 1816 immaculati,·
1287 1741 1376 1822 quod
1393 1739 1475 1805 etin

273 1843 496 1925 superioribus
519 1844 586 1906 iam
609 1843 737 1906 dixisse
760 1843 898 1907 uidetur.
943 1843 1101 1924 quoniam
1125 1863 1204 1926 ergo
1227 1845 1289 1907 sub
1312 1845 1477 1908 sententia

273 1967 404 2011 eramus
430 1948 566 2025 mortis;
598 1948 755 2011 mortales
780 1968 859 2010 uero
882 1967 957 2010 cum
982 1968 1137 2025 essemus,
1163 1948 1362 2029 sequebatur
1384 1957 1418 2012 et
1439 1956 1477 2012 ut

223 2055 259 2123 15
274 2049 549 2131 delinqueremus,
582 2071 622 2113 eo
652 2051 741 2132 quod
773 2071 834 2115 nec
864 2049 934 2114 fieri
961 2061 1073 2134 potest
1098 2051 1272 2115 mortalem
1298 2051 1477 2133 aliquando

275 2171 373 2235 posse
399 2152 503 2216 uideri
528 2151 599 2214 sine
623 2152 741 2235 eulpa;
764 2154 908 2217 moriens
932 2175 1013 2236 ergo
1036 2173 1096 2236 pro
1120 2154 1216 2217 nobis
1239 2163 1273 2218 et
1295 2173 1478 2237 exsurgens

275 2274 336 2336 pro
357 2253 453 2317 nobis
473 2254 612 2318 donauit
627 2256 723 2319 nobis
745 2276 821 2319 cum
837 2256 1092 2338 participatione
1108 2256 1251 2338 Spiritus
1267 2257 1477 2320 inmortalem

275 2355 367 2419 illam
383 2355 496 2432 uitam,
513 2357 546 2418 in
562 2376 628 2438 qua
645 2357 802 2438 possibile
816 2367 867 2422 est
882 2367 1126 2422 commorantes
1142 2378 1202 2421 nos
1223 2358 1343 2422 liberos
1364 2379 1437 2422 esse
1458 2380 1479 2423 a

275 2467 422 2540 peccato
467 2460 555 2522 unde
573 2459 659 2522 bene
674 2459 916 2542 redemptionem
930 2459 1024 2538 dixit,
1048 2480 1089 2523 eo
1109 2461 1200 2542 quod
1221 2480 1281 2542 per
1296 2460 1478 2524 mortalita-

222 2575 265 2626 20
279 2572 348 2627 tem
373 2562 570 2625 tenebamur
592 2565 654 2628 sub
677 2575 767 2628 arcta
790 2565 987 2628 necessitate
1001 2573 1203 2646 peecatorum
1215 2583 1223 2641 ;
1254 2583 1369 2628 uerum
1399 2563 1479 2645 quia

276 2663 370 2746 quasi
393 2664 559 2746 quaedam
577 2666 763 2748 redemptio
785 2687 847 2748 pro
869 2667 965 2730 nobis
988 2667 1087 2730 datus
1110 2674 1161 2729 est
1184 2664 1344 2740 Christus,
1365 2665 1422 2747 qui
1445 2674 1479 2728 et

276 2767 396 2849 eripuit
412 2787 472 2830 nos
487 2789 507 2832 a
523 2769 638 2831 mortis
654 2769 812 2851 potentia,
829 2768 981 2851 praebuit
995 2777 1107 2831 autem
1121 2768 1219 2831 nobis
1235 2765 1480 2830 resurrectionis

276 2889 382 2952 spem,
417 2889 492 2933 cum
516 2891 582 2954 qua
607 2882 641 2934 et
668 2881 886 2954 expectamus
913 2881 1056 2953 excepto
1080 2873 1172 2934 omni
1199 2870 1311 2933 uiuere
1334 2878 1481 2951 peccato.

276 2971 340 3034 hoc
356 2973 389 3034 in
406 2971 479 3036 loco
495 2975 679 3038 notandum
695 2983 746 3039 est
766 2973 855 3056 quod
879 2974 1079 3050 dicebamus,
1107 2973 1263 3056 quoniam
1287 2992 1347 3054 per
1368 2972 1482 3035 omnia

223 3087 262 3156 25
277 3073 359 3138 haec
381 3096 467 3157 quae
489 3077 571 3140 dicit
592 3078 635 3141 de
657 3076 798 3155 Christ0,
822 3078 865 3141 de
883 3086 1038 3159 suscepto
1061 3075 1197 3140 homine
1219 3077 1309 3152 dicit,
1325 3076 1403 3140 inde
1425 3074 1481 3138 illa

324 3214 651 3283 qqueedamomC(corr)
758 3232 788 3268 ιο
804 3217 952 3268 nonomH
1048 3231 1081 3279 ,13
1098 3213 1314 3282 id.(soriam)H
1410 3229 1439 3282 ¹4
1456 3220 1482 3264 et

275 3311 315 3345 om
335 3297 357 3344 C
375 3297 450 3357 (corr)
542 3295 571 3346 16
587 3312 648 3346 uero
668 3297 724 3360 (sor
739 3298 809 3362 ergo)
829 3299 863 3347 H
943 3309 971 3361 η
988 3295 1215 3360 cumomClcorr)
1305 3309 1336 3361 19
1352 3304 1482 3361 peccatore

278 3375 528 3434 C'ldixitred.H
616 3375 844 3443 rodelsora)H

310 3521 333 3555 e.
377 3521 452 3571 qreom
471 3507 599 3557 abundare
608 3508 680 3572 fece't]
713 3505 742 3570 ἧς
760 3509 854 3571 error·
905 3509 995 3560 should
1007 3525 1045 3559 we
1061 3508 1121 3559 read
1135 3507 1324 3558 concessionem?
1356 3507 1395 3558 Cf.
1411 3509 1483 3572 infra

278 3603 377 3638 σευσεντ
401 3589 486 3654 Vulg.,
505 3594 593 3655 “quae
608 3591 854 3655 superabundavit;”
905 3607 939 3640 on
959 3607 968 3640 r
988 3591 1053 3641 Tim.
1077 3591 1112 3639 iii.
1131 3602 1158 3640 r:
1182 3595 1255 3638 “uon
1275 3589 1307 3639 de
1323 3591 1483 3642 concessione

278 3668 383 3718 Hieron.
397 3669 475 3717 od.h.
488 3671 515 3730 l.,
530 3672 790 3735 “quaeabundavit.'’
817 3675 855 3723 As
905 3682 1064 3739 peecatorum
1075 3669 1213 3738 disputat.”

278 3749 326 3799 Th.
341 3748 402 3798 does
413 3757 457 3799 not
468 3759 592 3800 comment
608 3767 642 3800 on
657 3751 699 3802 the
712 3753 800 3812 words,
812 3753 855 3803 tbe
941 3769 979 3817 13.
1012 3753 1298 3803 mosnnmtaeramos
1308 3751 1404 3818 mortis]
1435 3755 1482 3805 See

278 3829 410 3880 translator
420 3830 442 3879 is
452 3830 607 3894 responsible
617 3831 655 3880 tor
667 3832 709 3882 the
724 3839 855 3884 treatment
905 3836 994 3894 above,
1006 3852 1048 3901 pp.
1064 3849 1174 3898 ²4-30t
1191 3835 1241 3885 and
1253 3852 1276 3901 p.
1293 3847 1332 3897 25,
1346 3835 1364 3884 l.
1377 3850 1400 3898 3,
1415 3845 1481 3888 note.

278 3909 307 3958 ol
315 3911 465 3971 περισσεύειν
475 3925 502 3958 as
513 3925 529 3958 a
540 3911 667 3960 transitive
678 3912 747 3960 verb.
939 3933 980 3969 ιι.
1012 3919 1087 3982 quasi
1094 3919 1213 3982 quaedam
1225 3918 1372 3982 redemptio]
1405 3919 1487 3982 ὥσπερ

315 4009 352 4043 ro.
393 4007 444 4042 non
476 3993 655 4057 consessionem]
702 3991 744 4044 vde
775 3995 856 4054 ἐξομο·
906 3998 1124 4064 decimariam
1141 4002 1183 4064 [es.
1204 4017 1214 4050 r
1235 4003 1292 4052 Cor.
1310 4001 1327 4050 i.
1347 4015 1393 4064 30:
1421 4001 1485 4052 tnt-

279 4070 430 4136 immutet:
441 4071 497 4122 ‘not
504 4073 595 4138 simply
602 4073 644 4122 the
651 4083 750 4138 present
757 4091 857 4140 process
907 4087 1002 4147 λιπρον,
1023 4099 1032 4132 r
1051 4083 1116 4134 Tim.
1139 4085 1166 4133 ii.
1183 4083 1218 4145 61.
1262 4083 1334 4132 With
1352 4085 1441 4147 regard
1458 4096 1485 4135 to

279 4154 308 4204 ot
317 4154 446 4220 penitence
457 4154 572 4203 crowned
584 4155 618 4218 by
629 4154 672 4204 the
683 4153 770 4206 formal
784 4157 856 4206 abso·
907 4164 949 4213 the
961 4171 1047 4213 nature
1058 4163 1087 4212 os
1099 4164 1141 4214 the
1158 4162 1315 4227 redemption
1332 4161 1436 4213 affected
1451 4165 1486 4229 by

279 4237 359 4286 lution
377 4235 407 4284 os
420 4235 463 4285 the
483 4235 590 4296 Church,
613 4237 658 4286 but
677 4237 719 4287 the
737 4237 798 4288 final
815 4238 857 4289 de·
908 4241 961 4292 Our
976 4241 1053 4302 [ord.
1070 4259 1112 4294 see
1127 4242 1200 4294 Tn’s
1217 4242 1312 4294 further
1325 4244 1435 4296 remarks
1451 4261 1486 4296 on

279 4317 399 4368 stmction
410 4317 439 4365 os
446 4315 484 4366 sin
496 4324 521 4367 at
532 4317 574 4366 the
585 4317 764 4368 resurrection!
795 4321 856 4369 Con·
908 4323 963 4373 Col.
977 4321 992 4373 'a
1011 4336 1048 4384 14.

271 4397 348 4464 sessio
359 4411 463 4462 appears
475 4397 613 4446 tobehere
628 4398 687 4462 used
704 4399 857 4463 asvirtually
940 4417 980 4465 ²5·
1014 4405 1043 4454 de
1063 4412 1168 4469 nescepto
1189 4363 1339 4469 dereined]
1372 4407 1420 4458 See
1443 4422 1484 4471 pp.

281 4477 423 4542 equivaleut
435 4485 461 4527 to
475 4478 591 4530 absolutio
608 4478 789 4544 (σηχώρησις).
819 4481 856 4532 Or
907 4481 947 4546 61,
961 4483 978 4536 l.
994 4497 1040 4545 213
1057 4482 1098 4547 or,
1112 4485 1130 4534 l.
1145 4500 1167 4534 1.
