3332 5210
289 368 331 436 50
620 368 849 424 sueononus
872 369 1164 426 uorsunsruuus
1282 359 1361 444 [111.
1379 375 1429 440 21,
1445 373 1494 424 τε.

287 539 442 606 omnibus
472 540 691 626 comprobare
714 539 857 610 festinat
902 543 1017 610 dicens
1041 553 1152 609 autem
1180 544 1352 628 apostolus
1376 545 1494 610 suffici-

287 651 380 710 enter
400 644 433 708 in
453 643 727 728 praecedentibus
741 643 824 728 legis
840 647 1079 725 necessitatem,
1096 649 1235 714 adiecit:

352 777 403 840 lar
423 797 497 860 ergo
518 775 677 840 aduersus
690 776 856 858 promissa
877 776 965 842 Dei?
1009 779 1102 846 absit.

351 911 435 977 haec
457 932 537 996 ergo
559 912 631 976 eius
653 920 705 976 est
722 912 912 993 necessitas,
933 934 1001 978 non
1022 924 1060 980 ut
1079 917 1216 984 euoluat
1234 919 1299 984 Dei
1320 919 1491 1005 promissa.

255 1026 330 1094 sex
353 1014 434 1099 ipsis
456 1015 555 1080 rebus
577 1012 758 1079 ostendens
781 1013 876 1080 illurn
899 1036 972 1080 esse
995 1037 1131 1084 uerum:
1164 1061 1167 1068 ·

350 1165 383 1230 si
399 1166 534 1251 (inquit)
552 1166 634 1230 data
644 1166 771 1249 fureret
788 1167 938 1252 kxuquae
946 1179 1079 1250 poterat
1096 1171 1273 1255 tristificare,
1293 1193 1367 1236 uere
1383 1173 1492 1254 utique

284 1287 323 1332 αν
343 1267 408 1351 lege
428 1277 509 1333 esset
528 1268 668 1342 iustitia.
712 1269 771 1334 sed
788 1270 943 1335 conclusit
961 1272 1124 1355 scriptura
1146 1274 1259 1338 omnio
1277 1275 1337 1338 sub
1356 1284 1489 1356 peccato,
1566 1359 1569 1366 ⁴

284 1379 323 1436 ut
334 1371 510 1452 promessio
530 1393 572 1438 ex
581 1372 655 1456 fide
675 1370 750 1436 Iesu
774 1371 902 1439 Christi
920 1373 1017 1441 detur
1035 1375 1242 1444 credmtibus.

348 1498 431 1583 †‘si
454 1501 591 1584 quidem
614 1500 691 1566 talis
713 1501 826 1584 aliqua
850 1502 954 1566 uirtus
977 1503 1093 1568 aderat
1108 1504 1183 1589 legi,
1200 1513 1237 1570 ut
1257 1505 1322 1569 illis
1344 1507 1402 1589 qui
1424 1507 1488 1570 sub

233 1621 320 1670 rose
342 1604 628 1669 conuersabantur
649 1604 794 1668 fructum
818 1614 853 1670 et
879 1605 1123 1672 iustificationis
1149 1618 1183 1673 et
1213 1618 1368 1675 aeternae
1398 1611 1487 1675 uitae

283 1705 431 1772 conferre
453 1715 587 1790 posset;
622 1707 818 1792 intercipere
844 1709 960 1792 utique
990 1711 1244 1794 promissionem
1267 1722 1398 1794 poterat
1421 1714 1487 1792 lex,

282 1813 356 1895 ipsa
385 1831 446 1894 pro
477 1810 534 1876 illa
564 1820 738 1896 praestans
768 1813 865 1877 nobis
896 1813 1175 1880 iustificationem.
1230 1836 1318 1880 nunc
1341 1839 1420 1882 uero
1443 1841 1486 1883 ex

282 1919 447 1987 contrario
470 1925 645 1982 execratur
666 1917 802 2000 quidem
825 1926 1021 2001 peccatum
1044 1919 1184 1985 liberare
1207 1941 1285 1985 uero
1308 1943 1328 1987 a
1349 1935 1487 2006 peccato

170 2025 175 2032 '
281 2043 349 2088 non
373 2020 545 2108 praeualet
572 2040 639 2094 eos,
663 2019 719 2103 qui
747 2028 884 2104 propter
909 2029 1048 2084 naturae
1075 2021 1303 2087 infirmitatem
1330 2036 1486 2089 corruunt

231 2137 265 2203 15
281 2128 314 2190 in
337 2134 486 2210 peccato.
531 2143 592 2207 per
613 2142 699 2207 quae
717 2123 803 2187 hanc
822 2124 929 2206 magis
949 2125 1059 2208 arguit
1080 2125 1306 2192 infirmitatem
1325 2138 1483 2208 nostram,

280 2247 383 2310 quam
406 2225 451 2290 ad
471 2223 740 2289 iustificationem
760 2222 933 2302 habemus,
952 2225 1064 2303 immo,
1086 2237 1123 2292 ut
1143 2229 1273 2310 plenius
1293 2231 1411 2305 dicam,
1436 2231 1483 2294 in-

279 2328 537 2412 possibilitatem
549 2347 572 2406 ;·
591 2329 772 2392 ostendens
795 2347 856 2392 nos
879 2329 1064 2392 necessario
1086 2329 1235 2414 indigere
1259 2333 1379 2399 Christi
1409 2355 1484 2417 gra-

280 2429 394 2497 tiam*
449 2432 542 2497 cuius
561 2432 710 2496 maxime
730 2431 917 2495 fruitionem
937 2431 1154 2514 percepimus,
1170 2438 1353 2500 secundum
1369 2458 1483 2501 uerum

280 2538 344 2601 Dei
367 2536 577 2620 promissum,
599 2555 660 2619 per
681 2534 784 2599 fidem
801 2533 897 2601 illam
917 2551 1004 2617 quae
1023 2533 1056 2597 in
1077 2534 1209 2601 Christo
1229 2547 1297 2618 est;
1320 2560 1406 2622 quae
1421 2541 1484 2606 sub

224 2659 266 2709 20
278 2641 353 2724 lege
375 2641 472 2705 nobis
491 2639 766 2705 conuersantibns
789 2637 918 2722 adquiri
935 2659 955 2702 a
971 2639 1068 2704 nobis
1085 2639 1224 2706 minime
1238 2647 1357 2726 potuit.
1401 2646 1484 2712 haec

278 2763 338 2826 per
358 2743 450 2808 illam
470 2742 573 2806 fidem
594 2760 695 2824 quam
715 2741 750 2804 in
769 2737 902 2805 Christo
923 2739 1087 2806 habemus
1102 2743 1339 2828 percipiemus.¹
1383 2748 1483 2813 ualde

342 2971 370 3039 εἰ
383 2970 446 3059 γάρ
461 2969 594 3051 τοιαύτη
609 2995 658 3042 τις
672 2968 804 3053 δύναμις
819 2973 865 3059 τῷ
879 2970 965 3057 νόμῳ
979 2973 1118 3056 προσῆν,
1134 2969 1218 3038 ὥστε
1231 2972 1303 3043 τοὺς
1325 2972 1379 3040 ὑπ’
1395 2974 1483 3066 αὐτῷ

275 3076 540 3158 πολιτευομένους
555 3069 610 3140 καὶ
624 3071 827 3140 δικαιοῦσθαι
842 3072 896 3139 καὶ
911 3076 967 3156 τῆς
988 3071 1118 3142 αἰωνίου
1137 3072 1296 3141 δύνασθαι
1310 3079 1483 3166 τυγχάνειν

277 3182 364 3262 ζωῆς,
380 3177 579 3266 ἀναιρετικδς
601 3177 640 3260 ἦν
657 3181 714 3260 τῆς
734 3178 930 3261 ἐπαγγελίας
945 3177 963 3244 ά
978 3177 1079 3261 νόμος,
1094 3177 1190 3248 αὐτὸς
1205 3177 1274 3245 ἀντ’
1290 3181 1409 3262 ἐκείνης
1423 3183 1481 3264 τὴν

220 3306 260 3373 25
275 3282 442 3351 δικαίωσιν
480 3283 646 3374 παρέχων·
680 3281 748 3350 νυνὶ
780 3281 815 3348 δὲ
848 3282 887 3349 τά
920 3282 1070 3360 ἐναντίον,
1094 3281 1304 3368 ἀπαγορεύων
1332 3285 1392 3368 μὲν
1423 3285 1483 3367 τὴν

274 3384 445 3468 ἁμαρτίαν,
475 3382 702 3451 ἀπαλλάττειν
731 3383 765 3450 δὲ
797 3381 896 3467 αι’τῆς
925 3381 983 3451 οὐκ
1013 3383 1138 3475 ἰσχύων
1167 3383 1240 3455 τοὺς
1263 3383 1316 3451 διά
1339 3385 1398 3469 τὴν
1424 3390 1481 3470 τῆς

274 3487 403 3574 φύσεως
416 3486 587 3557 ἀσθένειαν
602 3493 863 3562 καταπίπτοντος
879 3488 923 3560 εἰς
938 3487 1048 3572 αὐτήν,
1064 3489 1119 3556 καὶ
1134 3487 1189 3555 διά
1203 3489 1317 3558 τούτου
1330 3492 1481 3574 μειζόνως

274 3594 417 3682 ἐλέγχων
430 3592 520 3674 ἡμῶν
534 3593 572 3660 τὸ
586 3592 670 3680 πρὸς
685 3591 855 3658 δικαίωσιν
866 3590 989 3670 ἀτονον,
1000 3593 1131 3674 μᾶλλον
1144 3591 1179 3660 δὲ
1193 3591 1301 3674 πάντη
1316 3592 1480 3675 ἀδύνατον,

273 3695 458 3782 ἀναγκαίως
471 3699 529 3778 τῆς
543 3699 602 3762 τοῦ
616 3697 764 3782 Χριστοῦ
778 3692 910 3784 χάριτος
925 3691 1089 3777 δεομένους
1104 3692 1264 3760 δείκνυσιν
1278 3693 1370 3776 ἡμᾶς.

323 3857 486 3914 5nentunrm
512 3849 571 3914 (for
585 3851 683 3908 uerum)
701 3849 735 3898 H
873 3862 903 3897 10
919 3846 1107 3897 iustificationes
1127 3843 1164 3910 C!
1179 3853 1205 3896 et
1223 3844 1271 3910 (ast
1287 3847 1374 3908 iustis.)
1399 3865 1438 3898 om
1461 3851 1484 3899 C

273 3933 392 3993 (corr)H
472 3930 686 3997 rrpossitC*H
784 3941 812 3992 15
829 3944 904 3994 quem
917 3929 924 3989 t
927 3927 975 3991 sor
985 3925 1059 3992 quae)
1075 3929 1097 3978 C
1105 3929 1140 3978 H
1234 3943 1261 3990 17
1279 3931 1480 3994 grstiuC(corr)

273 4029 305 4064 το
321 4021 358 4064 est
371 4011 493 4078 (afllege)
505 4013 557 4062 add
568 4011 607 4061 C*
666 4027 693 4060 τι
713 4011 784 4077 pers.
801 4011 863 4060 tl!
922 4007 1417 4074 raso-Coisl.ro4f.26b[Cr.vie55‚
1437 4014 1479 4062 Fr.

277 4094 340 4158 ¹²51·
361 4093 604 4156 θείδωροτδέφησιν
614 4095 637 4142 εἱ
646 4093 703 4155 γάρ,
715 4093 789 4142 nrm.
834 4107 865 4156 ²³
881 4090 1132 4152 δικοῦσθαι(α“ι)οοά.
1176 4105 1206 4155 24
1223 4089 1268 4140 ὃν.
1281 4093 1477 4158 αῠτὸτ(ιι“ι)αάά.

306 4241 327 4289 5.
365 4227 452 4288 illum]
485 4225 535 4274 For
551 4240 607 4274 exx.
626 4222 656 4273 oi
674 4223 851 4280 Hlum=illud,
901 4221 930 4269 de
948 4219 1047 4270 incarn.
1067 4220 1110 4281 vi,
1131 4220 1197 4270 Petr.
1216 4219 1340 4286 chryson,
1359 4238 1429 4271 serm.
1450 4235 1478 4284 51

272 4321 313 4355 see
326 4305 434 4367 Ronsch,
447 4305 522 4365 Itala,
536 4321 561 4368 p.
575 4303 631 4364 276.
899 4303 1042 4366 (Paucker).
1077 4304 1108 4353 In
1127 4303 1200 4354 Rom.
1222 4304 1272 4353 viii.
1298 4319 1320 4363 τ,
1342 4305 1385 4353 the
1405 4305 1479 4354 Latin

308 4385 344 4436 16.
376 4385 594 4450 inpossibilitatem]
618 4385 647 4434 τὸ
664 4385 787 4442 ἀδύνατον,
804 4383 850 4432 im·
900 4383 1011 4432 versinus
1033 4399 1077 4433 use
1097 4385 1139 4434 the
1159 4385 1310 4450 periphrasis
1331 4387 1423 4450 “quod
1442 4387 1479 4435 in-

273 4467 417 4530 potentiam.
455 4465 493 4515 Cf.
504 4466 572 4514 Tert.
587 4465 615 4513 de
626 4465 687 4526 bapt.
705 4481 726 4518 τ,
737 4465 847 4514 Cassian.
900 4465 1017 4527 possibile
1030 4463 1106 4514 erat.‘'
