3342 5224
191 372 235 436 11.
256 387 303 452 ις,
322 372 381 455 16.]
596 385 636 435 1u
661 386 713 438 aa.
736 385 788 437 nn
811 387 986 440 ontnrns.
1163 425 1164 428 ,
1354 393 1395 458 ²7

187 560 308 641 quibus
339 579 448 641 neque
478 559 621 622 multum
652 561 842 644 expendere
872 581 933 626 nec
970 583 1136 627 cessemus
1166 562 1325 640 laborare,
1356 573 1393 628 ut

187 663 271 726 scire
304 663 470 746 possimus
495 663 576 745 quid
607 664 808 728 conueniens
838 665 892 730 sit.
950 665 1010 729 sed
1041 667 1161 730 sufficit
1193 669 1289 731 nobis
1321 667 1394 731 sola

187 765 413 843 commoniti0,
430 774 467 829 ut
482 765 613 828 firmam
628 767 794 846 possimus
810 766 934 833 habere
955 770 1044 853 apud
1061 791 1121 834 nos
1141 772 1168 834 si
1191 771 1392 836 uoluerimus

188 869 347 933 bonitatis
369 867 602 952 cognitionem.
648 870 861 934 rationabiles
883 893 944 936 nos
964 875 1052 938 enim
1077 874 1200 939 faciens
1216 875 1390 951 Dominus,

188 975 363 1057 ipsamque
390 973 684 1036 rationabilitatem
712 973 745 1036 in
760 975 868 1038 'nobis
891 976 1058 1040 efficacem
1082 979 1243 1062 expedire
1267 979 1391 1058 uolens,
1429 983 1445 1050 5

187 1078 266 1158 quia
290 1097 351 1141 nec
371 1076 467 1141 aliter
490 1075 594 1139 uideri
617 1078 731 1158 possit,
756 1078 818 1140 nisi
845 1078 1044 1144 discretione
1069 1085 1317 1157 contrariorum,
1346 1105 1390 1147 ex

187 1179 308 1261 quibus
330 1189 363 1244 et
385 1178 558 1242 meliorum
582 1179 700 1243 electio
727 1180 856 1261 adquiri
883 1182 1122 1264 potest—haec
1146 1185 1235 1248 enim
1257 1207 1389 1249 summa

187 1292 237 1346 est
252 1284 398 1365 cognitio
414 1282 662 1347 rationabilium
678 1283 845 1360 omnium;
868 1283 915 1347 sic
936 1285 1084 1366 quodam
1104 1286 1207 1350 modo
1227 1286 1284 1351 illa
1302 1308 1390 1370 quae

186 1389 368 1452 secundum
399 1407 460 1450 nos
490 1395 568 1450 sunt
597 1385 796 1468 composuit,
826 1394 863 1449 ut
894 1396 928 1452 et
957 1387 1069 1471 aliqua
1099 1390 1253 1454 uideatur
1281 1392 1390 1456 inesse

187 1493 402 1555 contrarietas
424 1488 514 1572 apud
538 1508 609 1564 nos,
634 1487 910 1552 exercitationem
935 1491 1204 1555 rationabilitatis
1229 1494 1389 1575 expedire
1409 1506 1448 1554 10

186 1596 358 1659 sufficiens.
404 1591 562 1656 naturalis
578 1592 734 1673 equidem
755 1591 942 1657 mortalitas
961 1594 1101 1659 multam
1118 1617 1178 1659 nos
1199 1595 1277 1660 iecit
1295 1619 1390 1680 prae-

186 1700 331 1762 sentium
354 1697 478 1760 habere
502 1696 730 1776 cupiditatem.
779 1692 857 1756 hinc
886 1696 983 1762 nobis
1013 1699 1206 1780 cupiditatis
1232 1699 1390 1780 pecunia-

185 1799 253 1862 riae
278 1801 363 1864 inest
386 1799 508 1883 passi0,
533 1795 611 1859 hinc
637 1795 763 1878 gloriae
789 1797 961 1878 appetitio,
981 1799 1059 1864 hinc
1083 1800 1295 1884 uoluptatum
1308 1822 1316 1880 ;
1344 1823 1389 1866 ex

185 1904 413 1988 quibusdum
438 1900 804 1983 unumquodcumque
831 1898 949 1962 horum
980 1901 1128 1979 facimus,
1158 1903 1220 1966 sub
1250 1914 1389 1986 peccato

185 2009 345 2073 cadimus.
390 2003 584 2089 temporalis
602 2005 690 2067 enim
712 2006 776 2067 ista
796 2004 867 2066 uita
884 2001 1001 2068 horum
1025 2008 1130 2083 nobis,
1147 2020 1184 2073 ut
1207 2012 1307 2074 moris
1330 2020 1390 2087 est,
1407 2019 1442 2084 15

185 2131 318 2175 causam
339 2117 507 2193 praestare
528 2107 679 2184 uidetur;
702 2105 746 2168 ob
762 2124 864 2186 quam
883 2114 917 2169 et
938 2108 1096 2189 pecunias
1114 2111 1388 2193 concupiscimus,

186 2222 219 2276 et
233 2213 373 2296 gloriam
389 2210 587 2294 appetimus,
604 2217 638 2272 et
658 2207 840 2289 uoluptatis
859 2228 975 2272 causas
990 2212 1160 2276 sumimus.
1195 2213 1389 2278 inmortales

185 2335 263 2380 uero
286 2314 395 2379 effecti
416 2333 524 2395 neque
544 2311 682 2374 alicuius
705 2309 824 2372 horum
852 2310 1050 2393 indigemus,
1072 2333 1180 2395 neque
1200 2313 1389 2396 perficimus

184 2417 309 2502 aliquid
339 2417 467 2480 horum.
524 2415 649 2478 etenim
679 2410 883 2475 mortalitate
913 2422 1051 2477 naturae
1081 2415 1125 2478 ad
1156 2414 1213 2479 illa
1238 2436 1325 2498 quae
1355 2420 1388 2482 in

185 2521 350 2604 praesenti
380 2528 458 2583 sunt
488 2516 758 2582 concurrentibus
788 2517 892 2592 nobis,
923 2516 1006 2599 legis
1037 2539 1098 2582 nos
1122 2520 1256 2586 decreto
1282 2524 1387 2608 magis
1403 2541 1445 2590 20

185 2622 262 2688 fecit
285 2633 401 2687 cautos
423 2621 544 2698 uidere,
568 2621 727 2685 bonitatis
750 2622 975 2704 cognitionem
999 2621 1129 2688 firmam
1153 2627 1187 2690 in
1208 2647 1270 2692 nos
1286 2628 1389 2692 collo·

184 2747 273 2807 cans,
289 2749 350 2791 nec
365 2727 409 2791 ab
425 2727 489 2791 isto
504 2725 643 2790 subduci
665 2725 796 2788 animae
812 2725 956 2789 suadens
975 2728 1157 2810 proposito,
1174 2750 1294 2813 cupere
1309 2752 1389 2798 uero

185 2830 243 2895 illa
272 2852 358 2914 quae
386 2839 465 2894 sunt
496 2831 680 2908 uirtutum;
717 2827 795 2892 licet
824 2849 958 2893 summo
988 2850 1065 2895 cum
1096 2831 1210 2896 labore
1240 2832 1298 2897 illa
1327 2856 1389 2899 nos

183 2935 357 3017 adquirere
372 2934 556 2998 conueniat.
579 2932 657 2998 hinc
673 2932 749 2997 licet
764 2933 808 2997 ab
827 2933 886 2998 illa
900 2955 988 3017 quae
1003 2936 1036 2998 in
1052 2944 1171 3001 natura
1186 2947 1237 3002 est
1253 2939 1389 3004 infirmi-

183 3047 254 3102 tate
279 3038 324 3102 ad
349 3037 508 3103 delictum
537 3037 744 3113 deseramur,¹
761 3055 894 3119 semper
919 3048 1076 3102 cauentes
1107 3047 1141 3104 et
1171 3039 1387 3108 homicidium
1402 3055 1441 3124 25

183 3141 290 3206 facere
315 3150 350 3206 et
369 3141 570 3206 adulterium
591 3149 625 3204 et
646 3140 779 3215 lurtum,
804 3149 838 3204 et
862 3141 976 3204 omnia
996 3139 1054 3206 illa
1076 3162 1163 3224 quae
1184 3145 1228 3208 ad
1251 3145 1388 3210 alterius

182 3246 350 3328 pertinent
379 3244 751 3326 nocibilitatem-quae
775 3243 934 3326 quoniam
961 3244 1051 3310 mala
1073 3256 1159 3322 sunt,
1178 3267 1295 3311 omnes
1318 3269 1387 3312 uno

181 3369 343 3412 consensu
374 3347 589 3426 confitemur;
627 3348 686 3411 sed
718 3367 784 3412 non
815 3367 875 3431 per
900 3347 964 3412 hoc
991 3349 1141 3414 ualemus
1164 3362 1261 3417 extra
1287 3375 1388 3421 omne

180 3453 340 3517 delictum
367 3473 429 3514 nos
455 3449 585 3535 plenius
607 3471 811 3516 conseruare.
856 3453 1064 3517 econtrario
1087 3475 1176 3535 uero,
1200 3466 1234 3524 et
1257 3471 1389 3544 praeter

180 3557 215 3621 id
242 3555 332 3640 quod
359 3555 456 3620 nobis
475 3577 519 3620 ex
542 3553 625 3638 legis
645 3555 757 3640 placet
777 3555 937 3636 doctrina,
962 3556 1068 3621 multa
1090 3569 1227 3643 propter
1248 3571 1386 3629 naturae
1402 3581 1443 3643 30

234 3773 383 3808 rcessemur
403 3755 441 3806 C*
551 3761 631 3816 erat.
650 3756 717 3806 enim
734 3773 779 3808 nos
800 3759 822 3808 C
929 3774 1011 3824 osee.
1029 3775 1082 3810 non
1098 3776 1118 3810 s.
1136 3759 1185 3810 H·
1303 3779 1340 3826 η,
1359 3781 1387 3830 ¹3

179 3839 300 3905 pecuniae
317 3839 352 3888 rei
372 3838 411 3888 C*
422 3839 457 3886 H
471 3835 635 3902 (pecuniariae
653 3837 688 3887 rei
708 3836 828 3902 Clcorrll
905 3852 933 3903 ¹3
951 3838 1010 3888 hinc
1028 3855 1075 3889 nos
1090 3840 1222 3891 delectatio
1239 3842 1334 3908 uolupt.
1349 3846 1386 3894 H.

183 3939 213 3988 19
230 3921 407 3973 mortalitatem
429 3920 483 3970 CH
576 3933 609 3968 ao
630 3927 759 3982 praesente
776 3920 810 3969 H
813 3918 827 3944 ⁴*
928 3933 957 3982 25
976 3920 1109 3970 deferimur
1126 3922 1161 3972 H
1175 3920 1248 3987 (corr)
1330 3979 1332 3984 ,
1356 3939 1386 3990 27

185 4005 343 4056 nobilitatem
365 4000 476 4067 ΗΜ)
491 3999 496 4067 Ι
510 4002 591 4051 malae
613 4000 652 4052 C*
784 4001 934 4066 topiros
953 4003 974 4054 C

214 4191 253 4244 19.
290 4176 439 4226 mortalitate
454 4173 569 4238 natuerat]
613 4175 660 4226 See
675 4191 716 4224 vv.
728 4173 754 4225 ll.
808 4176 829 4225 is
848 4176 891 4225 the
910 4191 979 4226 seme
998 4175 1145 4227 antecedent
1168 4177 1194 4226 in
1212 4194 1237 4243 p.
1254 4181 1292 4238 28,
1314 4178 1329 4228 l.
1345 4195 1383 4240 ir,

178 4259 247 4309 Pitni
258 4258 330 4308 reads
345 4259 488 4317 mortalitas,
506 4264 550 4307 not
567 4257 672 4307 without
688 4273 758 4306 some
808 4258 967 4322 “qui...usus
978 4258 1005 4316 s..
1018 4256 1082 4309 &c.”

178 4341 257 4391 alarin
268 4348 294 4390 at
305 4341 349 4390 the
359 4341 476 4406 pelagian
485 4339 608 4403 tendency
616 4339 645 4390 of
652 4339 756 4389 hisown
841 4353 880 4402 ²7·
914 4339 1093 4402 mdbdrtatem]
1127 4341 1166 4392 Cl.
1178 4341 1332 4393 sociaetatem
1346 4345 1381 4409 (p.

177 4424 324 4475 correction.
808 4437 847 4485 30,
859 4422 876 4471 1.
887 4419 928 4485 24)
943 4423 993 4471 and
1005 4439 1043 4471 vv.
1061 4423 1088 4474 11.

212 4519 252 4554 αι.
278 4505 351 4568 ficit]
368 4521 402 4554 sc.
422 4503 545 4553 Dominus
564 4504 589 4564 (l.
605 4504 638 4565 4).
674 4503 756 4554 There
