3340 5232
172 403 230 474 IV.
247 403 398 487 26-28.]
567 416 608 467 m
633 417 685 468 ur.
708 416 759 468 au
783 417 967 468 spasmos,
1318 416 1376 486 175

235 591 311 656 ‘sed
328 592 390 656 etsi
406 592 448 656 ad
463 593 547 656 iram
572 591 799 668 commoveris
815 612 882 656 non
903 597 1017 656 tamen
1032 591 1075 656 ad
1092 595 1265 674 peccatum
1286 588 1381 652 exire·

170 691 272 756 debes
309 701 344 756 et
381 711 602 774 prorumpere,
632 691 791 755 iniustum
829 692 953 774 aliquid
991 694 1149 756 aduersus
1186 690 1378 773 proximum

170 803 265 858 tuum
281 789 423 856 faciens!
469 803 503 857 et
527 803 564 857 ut
583 813 625 856 ne
643 794 795 857 uideatur
810 795 992 858 concedere
1013 795 1096 858 iram
1121 794 1192 858 sine
1218 792 1380 856 iniustitia

170 895 325 971 exerceri,
341 896 519 958 terminum
535 896 603 958 irae
618 896 745 972 statuit,
760 896 894 959 dicens:

234 1047 284 1109 sol
295 1068 358 1110 non
372 1047 494 1112 occidat
505 1060 601 1130 srcper
614 1047 821 1112 iracundiam
837 1059 988 1112 uestram.
1410 1056 1431 1124 ·5

235 1171 320 1235 bene
343 1193 418 1237 cum
441 1173 507 1236 diei
532 1183 565 1237 et
587 1184 728 1255 operum
741 1174 884 1237 termino
905 1173 1005 1237 etiam
1027 1173 1127 1237 finem
1147 1173 1276 1237 illorum
1293 1195 1379 1255 quae

170 1294 215 1336 ex
242 1275 290 1338 ira
315 1277 451 1339 adnasci
478 1276 586 1339 solent
612 1275 729 1339 secisse
754 1276 894 1341 uidetur.
939 1285 973 1340 et
998 1278 1044 1340 rei
1072 1278 1174 1360 ipsius
1200 1278 1378 1341 utilitatem

170 1381 350 1445 ostendens
365 1380 487 1444 adicit:

227 1549 266 1603 *et
279 1539 376 1603 nolite
389 1540 490 1603 locum
505 1539 585 1604 dare
598 1535 732 1603 diabolo.

236 1671 280 1740 ‘2si
310 1667 441 1752 (iuquit)
468 1669 502 1731 in
532 1668 668 1750 longum
699 1667 879 1732 tetenderis
909 1667 1001 1744 iram,
1028 1667 1148 1750 accipit
1174 1667 1284 1730 locum
1308 1667 1378 1731 dia·
1396 1681 1435 1728 10

171 1773 275 1856 bolus,
292 1783 329 1835 ut
344 1782 377 1838 et
393 1772 435 1834 ad
452 1772 649 1838 iniustitiam
664 1781 698 1835 te
709 1771 893 1859 propellat!

236 1884 270 1938 et
295 1875 453 1958 quoniam
481 1874 663 1956 perfectum
690 1877 733 1938 de
759 1875 936 1938 concordia
962 1886 997 1940 et
1022 1876 1161 1940 caritate
1191 1899 1377 1942 sermonem

171 1977 289 2051 reddit,
308 1975 433 2057 profert
455 1975 573 2038 iterum
598 1986 631 2040 et
655 1976 698 2039 de
721 1975 784 2038 illis
807 1975 1085 2054 exhortationem,
1107 1978 1151 2041 de
1172 1977 1322 2060 plurimis
1345 1989 1379 2042 et

172 2077 363 2139 necessariis
379 2075 443 2138 iilis
459 2077 671 2158 disceptans:
1067 2064 1071 2074 ¹

236 2218 295 2300 qui
303 2219 491 2300 furabatur
505 2219 572 2283 iam
591 2241 654 2283 non
665 2221 823 2302 juratum
842 2222 954 2308 magis
967 2233 1074 2286 autem
1090 2223 1211 2287 laboret
1223 2221 1379 2304 operando
1397 2215 1432 2309 ἰς

169 2320 258 2402 quod
269 2321 384 2386 bonum
407 2332 455 2386 est
478 2322 629 2387 manibus
647 2324 724 2401 suis,
740 2334 778 2388 ut
790 2323 905 2389 habeat
919 2327 1093 2391 retribuere
1116 2327 1148 2392 ei
1169 2327 1227 2410 qui
1251 2329 1379 2394 necessi·¹

171 2431 269 2484 tatem
282 2422 427 2488 destinet.

234 2553 320 2617 bene
350 2574 370 2616 a
399 2574 541 2636 persona
571 2553 650 2618 suris
688 2555 799 2618 retulit
833 2555 956 2633 dicens
986 2557 1094 2640 magis
1122 2567 1230 2622 autem
1259 2558 1381 2623 laboret

168 2652 324 2733 operando
352 2654 439 2734 quod
465 2654 579 2719 bonum
608 2665 657 2719 ert
685 2657 836 2720 mam'bus
863 2659 941 2720 suis,
991 2659 1018 2720 si
1049 2659 1137 2721 enim
1169 2679 1236 2722 non
1266 2668 1379 2740 potest

169 2757 297 2839 operari
322 2758 514 2834 necessaria,
533 2779 594 2821 nec
618 2759 741 2822 furtum
765 2760 871 2823 facere
895 2761 1038 2842 poterit;
1070 2763 1097 2823 si
1121 2771 1233 2824 autem
1258 2769 1377 2843 potest,
1392 2783 1435 2830 20

171 2860 287 2922 melius
310 2868 361 2922 est
385 2859 533 2923 laborare
549 2860 640 2924 illum
666 2872 868 2943 operantem,
885 2873 921 2926 ut
945 2872 979 2926 et
1001 2863 1073 2926 aliis
1098 2847 1243 2927 tribuere
1263 2865 1378 2945 possit.

170 2983 236 3026 non
261 2962 350 3025 enim
368 2962 593 3046 incommune
618 2965 729 3046 posuit
752 2965 860 3047 legem
885 2967 1044 3048 operandi
1069 2968 1227 3030 aduersus
1251 2960 1380 3046 omneS,

169 3062 222 3126 uel
238 3064 388 3126 maxime
408 3062 482 3126 illos
505 3065 562 3145 qui
585 3086 652 3127 non
675 3077 816 3148 possunt
831 3068 968 3149 operari.
1013 3067 1069 3146 ubi
1085 3077 1119 3131 et
1134 3069 1177 3131 de
1192 3089 1228 3130 se
1243 3079 1379 3150 propter

219 3245 233 3280 o
251 3237 338 3280 contra
353 3246 424 3296 prox.
442 3231 491 3290 (om
508 3233 589 3292 tuum)
601 3231 632 3280 H
766 3249 780 3296 3
800 3232 855 3282 sine
871 3233 1019 3284 iniustitiam
1033 3233 1072 3284 C*
1083 3233 1137 3286 siue
1154 3234 1187 3285 in.
1206 3236 1312 3298 Cicorr)
1324 3239 1378 3290 sine

167 3313 261 3363 iustitia
280 3313 314 3361 H
407 3331 422 3376 4
439 3313 585 3362 stenniuum
598 3313 651 3375 [sic]
670 3314 705 3363 H
804 3329 833 3366 10
849 3315 947 3380 accepit
962 3314 1000 3365 C*
1114 3331 1140 3366 11
1159 3318 1192 3366 ad
1211 3317 1331 3368 iustitiam
1348 3319 1382 3369 H

169 3413 201 3449 no
217 3413 321 3464 operare
334 3394 374 3446 C*
474 3409 502 3444 αι
522 3401 607 3459 posset
621 3394 660 3445 C*

204 3548 224 3582 t.
258 3533 300 3582 sed
312 3531 358 3580 etsi
372 3531 408 3578 ad
422 3530 497 3587 Ham,
516 3529 574 3592 &c.]
603 3530 642 3581 Cf.
656 3531 744 3595 Chrys.
798 3531 911 3581 οὐδεπότε
926 3529 976 3595 γὰρ
989 3530 1064 3583 οὕτως
1078 3533 1130 3596 ἔχει
1147 3531 1223 3583 ridor
1240 3533 1377 3598 ὁὸιάβολος

167 3615 202 3664 ad
211 3614 234 3662 h.
247 3614 281 3662 L:
298 3611 374 3662 καλὸν
385 3613 429 3670 μὲν
441 3609 491 3674 γὰρ
504 3610 534 3659 τὸ
549 3607 583 3670 μὴ
597 3609 746 3676 ὀργίζεσθαι.
797 3609 828 3660 ὡς
839 3613 863 3660 ἐν
874 3613 926 3661 ταῖς
937 3613 1041 3674 ἔχθραις.

168 3696 189 3743 εἱ
200 3695 227 3743 δέ
236 3711 272 3743 τις
283 3693 386 3753 ἐμπέσοι
403 3692 465 3764 πρτὲ
481 3693 516 3741 eir
531 3687 560 3740 τὸ
578 3689 659 3752 πάθος,
679 3691 747 3741 ἀλλά
832 3707 868 3755 15·
905 3694 1132 3758 operandoquodb.
1146 3695 1271 3758 ertm.s.]
1304 3695 1375 3759 ἐργα-

166 3773 201 3834 μῆ
218 3775 251 3824 εἱς
267 3773 389 3822 τοσοῦτον.
426 3771 536 3820 Audon
555 3773 595 3823 Pu.
614 3775 647 3822 iv.
665 3787 678 3836 5
695 3771 745 3837 (ap.
797 3770 892 3834 ζόμενος
907 3775 937 3824 τὸ
954 3774 1046 3834 ἀγαθὸν
1062 3776 1115 3824 ταῖς
1133 3777 1202 3825 tttau
1217 3773 1376 3839 xepoisss-the

168 3853 270 3904 Corder.
290 3858 376 3908 caten„
394 3850 411 3899 i.
429 3867 454 3915 p.
480 3850 532 3916 72):
556 3853 583 3899 οὐ
602 3850 648 3911 τήν
671 3852 747 3914 ὀργήν
796 3853 900 3917 reading
917 3855 1027 3918 adopted
1043 3856 1097 3906 also
1114 3855 1236 3918 byThdt.
1272 3857 1374 3920 Chrys,

167 3935 265 3996 ἀναιρεῖ,
275 3934 342 3981 ἀλλὰ
350 3934 394 3990 τὴν
407 3933 486 3980 tam
498 3933 671 3994 δργήν...ἔστιν
680 3932 746 3994 trus}
796 3933 851 3996 dte,
866 3935 928 3984 omit
940 3937 1016 3986 ἰδίαις.

167 4013 311 4077 ἁμαρτάνειν
322 4015 484 4078 ὀργιζόμενον,
499 4015 559 4064 ὅταν
570 4016 663 4066 δικαίως
674 4018 746 4065 τοῦτο
829 4033 868 4066 αα.
903 4033 953 4066 reon
972 4019 1084 4068 enimin
1106 4021 1375 4084 comportatum]

166 4097 276 4156 ποιῶμεν.
312 4098 375 4146 Oec.
387 4097 462 4146 adds:
479 4094 572 4156 ἥκουσα
588 4095 657 4146 τινῶν
673 4099 743 4160 ἑρμη-
796 4098 836 4148 Cf.
851 4098 905 4149 infr.
920 4115 953 4148 on
966 4114 979 4147 α
993 4100 1082 4150 Thess.
1095 4101 1128 4151 iii.
1151 4117 1193 4151 ηε
1213 4107 1285 4152 “uon
1300 4119 1375 4168 gene·

165 4177 306 4229 νευσιίιννων·
323 4179 367 4237 μία
380 4176 473 4242 (φησὶν)
492 4177 659 4241 ἀναμάρτητος
675 4181 744 4242 ὀργή,
797 4180 881 4230 taliter
893 4181 978 4232 dicens
994 4183 1061 4246 quod
1078 4183 1120 4232 ille
1137 4183 1180 4248 qui
1197 4199 1248 4234 non
1259 4193 1375 4248 operatur

165 4259 251 4322 ὴπρός
261 4260 315 4309 τοὺς
327 4261 439 4317 δαίμονας
451 4261 490 4308 καὶ
502 4262 534 4308 τὰ
546 4258 620 4319 πάθη.
796 4277 847 4310 non
859 4263 934 4312 debet
946 4263 1124 4314 mmducare.”

197 4339 222 4391 6.
256 4341 443 4400 berrecumdrka
458 4341 515 4403 dre]
545 4343 641 4392 Tude:
658 4343 746 4406 μέτρον
829 4359 868 4406 23.
905 4344 959 4405 aba]
987 4344 1043 4394 The
1060 4361 1131 4396 sense
1148 4362 1228 4396 seems
1241 4355 1267 4398 to
1278 4348 1374 4412 require

164 4421 296 4483 ἔδωκεντῷ
307 4423 374 4483 θυμῷ
384 4423 526 4484 τῆςὴμέρας
538 4421 565 4474 τὸ
577 4427 669 4487 μέτρον.
797 4423 867 4470 rende.

202 4518 237 4552 ιο.
274 4503 360 4567 accipit
378 4504 464 4563 Iocum,
486 4505 544 4567 dra]
582 4505 620 4554 Cf.
639 4506 745 4568 Chrys:
