3292 5206
315 381 380 463 306
640 393 868 448 uueooouus
891 395 1185 450 noesuusuuuus
1235 381 1529 466 [111.23-1v.·1.

312 562 423 627 animo
440 563 620 646 operamini
634 564 731 647 quasi
742 562 886 628 Domine
898 576 929 630 et
946 588 1008 630 nen
1022 566 1212 646 hominibus,
1227 567 1357 633 scientes
1371 570 1528 653 qnoniam

311 684 334 727 a
344 663 487 728 Domino
499 665 657 750 accipietis
672 666 910 733 retributionem
921 669 1129 748 meditatis,-
1144 672 1286 736 Domino
1295 672 1382 737 enim
1397 672 1529 740 Christo

310 765 489 833 seruientes.

378 899 469 965 iubet
493 910 526 965 et
549 923 662 966 seruos
685 904 842 968 oboedire
864 905 932 969 suis
954 907 1108 985 dominis,
1134 908 1346 991 inspicientes
1369 909 1401 974 in
1430 908 1524 974 illam

281 1003 472 1092 5mercedis
497 1006 804 1084 remunerationem,
825 1029 911 1091 quae
937 1030 957 1072 a
982 1010 1057 1073 Deo
1081 1010 1145 1074 illis
1168 1013 1330 1076 tribuetur
1347 1034 1408 1095 pro
1433 1013 1525 1078 fideli

312 1104 456 1167 seruitio.
498 1110 548 1168 ‘et
572 1107 618 1170 ita
637 1106 735 1172 facite
751 1111 835 1173 sicut
852 1120 885 1174 et
903 1111 1026 1176 iustum
1047 1123 1098 1177 est
1122 1113 1229 1177 lacere
1251 1135 1307 1178 eos
1328 1116 1384 1198 qui
1405 1137 1425 1178 a
1448 1116 1524 1179 Deo

313 1207 498 1278 mercedem
522 1208 583 1270 sibi
605 1210 704 1273 tribui
725 1221 915 1294 expectant,
932 1235 998 1277 non
1022 1215 1108 1278 sicut
1127 1216 1317 1281 hominibus
1340 1217 1523 1280 seruientes

312 1311 371 1373 sed
392 1311 476 1376 sicut
502 1312 558 1391 illi,
581 1336 602 1378 a
626 1336 693 1398 quo
716 1325 750 1379 et
774 1319 963 1398 mercedum
985 1319 1091 1384 uicem
1113 1319 1176 1383 sibi
1198 1321 1297 1385 tribui
1317 1318 1521 1404 expectant„¹

312 1412 432 1494 quibus
447 1416 568 1480 adicit:

259 1607 299 1654 10
376 1586 435 1670 qui
452 1587 538 1651 enim
558 1589 705 1666 nocuerit,
727 1589 854 1673 recipiet
869 1591 1082 1675 quodcumque
1104 1592 1228 1668 nocuit,·
1250 1603 1282 1658 et
1302 1611 1365 1657 non
1387 1603 1435 1656 est
1447 1605 1522 1677 per-

310 1711 464 1754 sonarum
479 1693 610 1774 acceptio
624 1694 713 1777 apeed
723 1715 802 1758 eum.

376 1838 534 1920 quoniam
546 1839 608 1903 etsi
620 1839 731 1922 aliqua
741 1839 869 1903 ratione
884 1839 1003 1904 iniuste
1016 1861 1073 1904 eos
1086 1842 1213 1906 domini
1230 1843 1389 1927 adfligere
1403 1843 1519 1909 uolue-

311 1939 385 2016 rint,
401 1961 467 2004 non
492 1949 589 2005 erunt
615 1943 752 2020 innoxii,
770 1942 845 2006 Deo
865 1941 990 2006 scilicet
1016 1943 1137 2008 nullius
1158 1965 1335 2028 personam
1356 1956 1414 2009 aut
1436 1947 1519 2011 acci·

311 2043 424 2124 piente
438 2052 496 2107 aut
512 2054 690 2110 reuerente.

259 2231 295 2298 15
375 2207 507 2284 domini,
522 2210 608 2292 qued
620 2209 741 2273 iustum
755 2221 846 2274 estet
859 2232 995 2294 aequum
1013 2211 1119 2275 seruis⁴
1130 2213 1284 2294 praebete,
1299 2212 1429 2278 scientes
1443 2215 1521 2298 quia

310 2316 342 2370 et
356 2327 412 2370 uos
425 2307 548 2373 habetis
562 2309 730 2374 dominum
746 2311 781 2374 in
794 2312 897 2377 caelis.

377 2465 410 2519 et
440 2457 583 2520 dominis
606 2457 733 2534 suadet,
759 2465 796 2520 ut
821 2457 904 2521 illud
931 2458 1021 2540 quod
1048 2459 1208 2523 condecet
1233 2461 1336 2525 seruis
1361 2461 1518 2542 tribuant,

311 2559 456 2622 humane
471 2579 550 2644 erga
565 2581 622 2624 eos
638 2569 774 2642 agentes
790 2570 823 2624 et
839 2563 872 2624 in
888 2583 988 2645 opere
1003 2563 1215 2627 dilectionem
1233 2565 1296 2628 illis
1311 2567 1518 2648 praebentes,
1618 2609 1619 2634 l

312 2670 346 2723 et
364 2660 571 2745 diligentiam
590 2660 721 2726 illorum
742 2663 938 2728 adhibentes
963 2675 1062 2748 prout
1082 2675 1215 2749 potest;
1243 2675 1277 2729 et
1298 2667 1430 2731 ueniam
1454 2668 1518 2732 illis
1618 2759 1619 2766 ἵ

256 2785 299 2831 20
313 2764 581 2849 delinquentibus
604 2767 761 2842 tribuant,
783 2786 858 2830 cum
885 2789 942 2830 eos
967 2787 1104 2860 peccare
1129 2769 1294 2833 acciderit.
1337 2769 1402 2834 hoc
1429 2771 1517 2834 enim

288 2873 290 2878 “
312 2871 393 2934 dicit
408 2870 529 2934 iustum
543 2881 575 2934 et
587 2891 731 2952 aequum,
747 2889 813 2932 non
830 2880 866 2933 ut
882 2868 1038 2952 aequales
1053 2870 1115 2933 sibi
1137 2891 1194 2933 eos
1215 2891 1287 2934 esse
1302 2873 1495 2937 existiment
1509 2893 1517 2951 ;
1618 2871 1619 2894 ³

311 2973 368 3056 qui
395 2973 463 3038 fieri
488 2975 576 3038 enim
598 2983 717 3058 potest,
737 2974 881 3056 quando,
897 2981 934 3037 ut
960 2975 1106 3038 seruiant
1130 2974 1215 3038 serui
1239 2984 1368 3039 etcum
1390 2977 1518 3060 integro
1618 2969 1619 3008 ³

310 3079 457 3141 seruiant
483 3079 613 3154 affectu,
627 3087 723 3141 tanta
745 3076 897 3160 scripsit?
942 3077 1061 3142 suadet
1085 3087 1197 3141 autem
1218 3087 1252 3141 et
1275 3077 1325 3142 his
1346 3079 1428 3143 haec
1447 3101 1518 3144 cus·

311 3183 419 3246 todire
435 3181 491 3245 illa
506 3180 673 3258 memoria,
690 3182 768 3263 quia
784 3191 817 3245 et
833 3182 894 3264 ipsi
911 3180 978 3244 sint
993 3179 1056 3243 sub
1072 3180 1209 3243 domino
1219 3179 1283 3243 -illo
1299 3181 1356 3264 qui
1369 3183 1402 3244 in
1417 3183 1516 3246 caelis
1618 3265 1619 3280 χ

257 3305 275 3350 2
281 3301 295 3368 5
312 3293 370 3348 est
415 3292 449 3348 et
465 3283 583 3347 iterum
599 3282 641 3346 ad
658 3303 835 3348 commune
851 3284 1008 3347 uertitur:

362 3492 375 3525 n
394 3477 460 3526 enim
471 3492 509 3525 om
524 3474 628 3540 Clcorr)
641 3477 674 3526 H
681 3477 755 3537 (cerr)
919 3491 932 3539 5
951 3476 1178 3526 remunerationum
1192 3477 1213 3525 C
1223 3475 1297 3537 (corr)
1312 3471 1317 3541 l
1332 3477 1481 3527 retribuetur
1491 3477 1522 3527 H

312 3558 631 3608 8mercedemuicissimr
730 3573 759 3621 ¹4
777 3564 914 3608 reuertente
929 3558 964 3607 C'
1081 3573 1110 3622 19
1127 3558 1206 3622 possit
1220 3556 1325 3623 Clcorr)
1432 3574 1464 3609 ro
1479 3575 1516 3608 ac·

312 3636 453 3688 cederitc·
563 3654 591 3689 αι
611 3638 671 3689 dicit
683 3640 767 3688 omH
881 3655 909 3688 nr
928 3638 1049 3704 quiomr
1159 3654 1191 3702 ⁹3
1208 3637 1375 3688 effectuC‘r
1488 3653 1515 3702 ²⁵

312 3719 507 3770 exhortationem
520 3721 572 3786 (bes
575 3721 687 3782 uertitur)
699 3723 750 3770 edd
761 3722 783 3770 C
793 3722 867 3785 (cerr)
900 3723 932 3771 ad
944 3723 1145 3772 communionem
1157 3739 1179 3772 u.
1195 3729 1220 3771 et
1232 3722 1266 3771 ait
1277 3738 1294 3770 r

347 3925 382 3962 ιο.
417 3910 651 3970 nocuerit...nocm't]
680 3910 886 3974 Similarlyllug.
939 3909 1069 3959 deserence
1087 3916 1114 3959 to
1132 3910 1175 3960 the
1199 3909 1295 3967 MSS.;
1321 3910 1366 3959 but
1382 3909 1402 3958 it
1419 3909 1440 3958 is
1460 3925 1517 3974 very

312 3993 423 4054 (⁴¹nocet
436 3993 541 4044 ..nocuit
551 3991 592 4054 '‘);
630 3992 706 4056 Vulg.
747 3992 887 4042 “iniuriam
938 3991 1189 4056 possiblyascribe’s
1200 4007 1268 4042 error
1280 3991 1318 4041 sor
1327 3992 1399 4056 opud
1406 3989 1497 4042 Deiem.

310 4074 486 4141 iacit...iulque
516 4073 619 4138 gessit.”
653 4074 732 4138 Apud
755 4087 829 4122 earne:
854 4074 886 4122 ci.
975 4071 1010 4123 16.
1047 4073 1075 4121 in
1087 4073 1168 4134 caeles]
1184 4075 1210 4122 ἐν
1222 4071 1335 4134 οὐρανοῖς.
1371 4073 1512 4138 SoChrys,

311 4159 378 4223 Eph.
395 4158 428 4209 vi.
442 4173 465 4224 9,
486 4174 526 4207 vv.
538 4159 565 4207 ll.
602 4158 672 4207 Here
687 4156 731 4206 the
746 4157 829 4206 words
846 4173 888 4207 are
939 4155 1026 4213 det.,
1040 4155 1085 4204 duc.
1100 4154 1173 4216 (from
1186 4155 1252 4218 Eph.
1264 4155 1298 4203 vi.
1311 4154 1346 4220 9).
1375 4153 1451 4219 Vulg.
1467 4157 1514 4204 “in
1618 4229 1619 4232 Ἴ

309 4250 354 4291 not
374 4241 534 4306 represented
556 4242 582 4290 in
600 4239 700 4290 Thdt.'s
722 4248 781 4300 text,
805 4240 887 4288 whilst
939 4233 1032 4285 caelo”
1046 4235 1139 4294 (Fure,
1154 4235 1248 4294 caelis).
1618 4259 1619 4266 κ

310 4321 400 4384 Chrys.
422 4321 495 4372 reads
514 4323 581 4383 rupi
598 4319 634 4382 τῷ
650 4316 704 4381 θεῷ.
738 4321 817 4384 Apiid
833 4335 887 4368 erim
971 4331 1012 4366 αι.
1046 4333 1097 4366 non
1117 4323 1147 4365 ut
1163 4316 1287 4382 aequales]
1319 4317 1398 4366 Thdt.
1418 4319 1515 4378 ἰσότητα

310 4415 390 4451 seems
408 4408 435 4452 to
454 4400 507 4452 find
524 4403 596 4466 place
612 4401 672 4464 only
690 4400 718 4450 in
734 4400 778 4451 the
798 4399 890 4465 Captis
939 4401 967 4449 οὐ
989 4401 1035 4459 τὴν
1057 4400 1208 4458 ἰσοτιμίαν
1229 4398 1347 4460 ἐκάλεσεν,
1377 4399 1447 4449 ἀλλὰ
1469 4399 1514 4459 τήν

311 4481 405 4541 (Tisch.
424 4483 461 4532 ad
474 4483 549 4544 nt).
587 4483 808 4533 linae-retained
825 4483 845 4532 it
862 4483 888 4532 iu
939 4483 1110 4544 προσήκουσαν
1123 4483 1272 4540 ἐπιμέλειαν.
1296 4479 1335 4530 Cl.
1348 4473 1513 4546 Philemnrg.
