3342 5224
161 379 188 442 1.
209 379 316 464 3-5,]
585 395 626 446 m
650 395 703 448 Er.
726 396 778 446 nn
801 394 978 448 crunnus.
1348 393 1368 462 7

160 581 237 625 esse
256 561 396 641 uidetur,
419 581 480 626 nec
505 562 596 628 bona
622 584 705 643 esse,
724 584 786 628 nec
813 563 904 628 mala
925 562 1110 629 secundum
1134 581 1230 628 suam
1255 569 1369 647 potest

160 683 236 728 esse
260 668 438 732 naturam?
463 666 523 732 sed
546 667 629 732 illud
656 669 747 754 quod
772 666 846 734 uult
871 667 1043 753 apostolus
1069 667 1113 733 ad
1139 687 1296 751 praesens
1320 666 1369 730 di·

161 786 246 844 cere,
278 769 323 834 ob
347 771 555 854 propositam
585 771 682 837 nobis
708 772 1019 856 interpretationem
1046 769 1215 855 explicare
1243 771 1367 835 iustum

160 891 345 938 censemus.

229 977 354 1060 primus
387 977 490 1044 homo
520 978 622 1045 adubi
652 978 760 1044 factus
797 987 860 1061 est,
894 979 922 1045 si
960 977 1146 1045 inmortalis
1182 979 1367 1056 mansisset,
1405 986 1422 1053 5
1466 1037 1467 1040 ,

160 1099 320 1162 praesens
351 1083 467 1166 utique
499 1102 567 1147 non
602 1090 691 1148 esset
725 1083 819 1162 uita;
862 1102 904 1149 eo
932 1081 1025 1167 quod
1054 1102 1116 1148 nec
1145 1079 1247 1148 finem
1278 1081 1368 1148 idem

161 1183 303 1249 haberet
338 1185 437 1263 uitae,
475 1183 660 1250 inmortalis
701 1185 880 1252 manendo.
947 1205 1063 1251 uerum
1101 1187 1182 1269 quia
1219 1185 1369 1252 mortalis

162 1287 273 1352 sactus
303 1297 354 1354 est
382 1310 443 1374 per
470 1299 654 1375 peccatum,
677 1307 836 1373 praesens
865 1300 1006 1358 uocatur
1033 1293 1104 1358 uita
1133 1293 1263 1358 ἐνείμω
1290 1293 1370 1370 uita,

163 1391 199 1454 in
229 1395 479 1476 comparatione
511 1393 643 1459 futurae
680 1393 767 1458 illius
804 1394 895 1458 uitae
930 1414 1034 1478 quam
1071 1395 1105 1459 in
1141 1394 1261 1460 ultimo
1298 1393 1370 1461 fieri

163 1503 395 1577 expectamus.
462 1496 497 1560 in
535 1496 599 1563 hac
639 1495 741 1580 igitur
776 1495 857 1575 uita,
892 1497 972 1580 quia
1008 1517 1147 1581 peccare
1182 1518 1369 1581 possumus,
1387 1511 1427 1560 to

164 1597 225 1662 lex
254 1598 351 1662 nobis
381 1607 433 1664 est
461 1597 679 1674 necessaria*
709 1618 777 1681 qua
806 1598 1046 1684 prohibeamur
1074 1600 1118 1665 ab
1147 1599 1213 1665 illis
1242 1600 1371 1666 actibus

164 1703 223 1784 qui
254 1702 349 1766 nobis
379 1723 447 1768 non
477 1703 688 1768 conueniunt
743 1721 822 1766 nam
849 1710 884 1767 et
912 1711 992 1767 ante
1021 1702 1131 1787 legem
1162 1703 1371 1788 Moysaicam

165 1813 263 1869 erant
288 1804 438 1890 legitima
464 1808 630 1889 quaedam
660 1805 752 1890 apud
781 1805 944 1884 homines,
975 1825 1063 1889 quae
1092 1806 1275 1872 secundum
1306 1808 1371 1872 Dei

165 1908 366 1992 sapientiam
403 1909 519 1975 datam
556 1910 687 1974 inerant
724 1907 830 1974 nobis.
885 1927 954 1972 non
991 1909 1080 1973 enim
1116 1909 1213 1975 nobis
1250 1908 1374 1976 licebat

165 2010 382 2076 homicidium
404 2012 512 2078 facere
530 2033 639 2096 neque
658 2010 869 2087 adulterium,
885 2031 994 2096 neque
1012 2010 1137 2077 furtum
1156 2031 1266 2096 neque
1280 2011 1371 2077 aliud
1388 2026 1424 2094 15

166 2117 410 2183 inconueniens
467 2119 524 2193 †in
554 2117 664 2182 suturo
694 2137 775 2182 uero
800 2114 934 2181 saeculo
965 2135 1074 2200 neque
1102 2114 1161 2180 lex
1186 2115 1284 2181 nobis
1310 2116 1372 2181 erit

166 2218 361 2301 necessaria,
386 2239 495 2303 neque
517 2219 729 2286 obseruantia
755 2217 895 2283 alicuius
916 2217 1107 2302 praecepti;
1137 2237 1178 2283 eo
1206 2217 1299 2302 quod
1329 2217 1373 2284 ab

167 2323 260 2386 omni
283 2331 423 2407 peccato
447 2322 541 2388 liberi
565 2343 625 2406 per
649 2323 793 2406 gratiam
819 2321 926 2387 sancti
951 2321 1097 2404 Spiritus
1118 2320 1373 2388 custodiemus*

167 2425 348 2491 ostendens
374 2426 488 2510 itaque
518 2425 690 2510 apostolus
720 2433 848 2509 quanta
871 2425 915 2492 sit
941 2423 1131 2490 differentia
1155 2425 1200 2491 de
1227 2424 1373 2510 illisqui

46 2575 54 2590 .
167 2530 350 2595 secundum
376 2530 545 2597 Christum
567 2539 647 2596 sunt
668 2539 703 2596 et
724 2531 768 2596 de
789 2530 855 2596 illis
877 2531 935 2614 qui
953 2531 1137 2597 secundum
1160 2529 1271 2615 legem
1286 2541 1373 2613 sunt,
1387 2551 1430 2600 20

168 2631 250 2696 haec
277 2633 396 2716 posuit,
422 2632 560 2710 †uolens
589 2633 710 2699 docere
736 2632 895 2718 quoniam
917 2635 1016 2701 ‘data
1038 2635 1175 2719 quidem
1200 2644 1273 2701 erat
1295 2634 1353 2702 lex
1365 2657 1374 2719 ;

169 2895 252 2964 κατὰ
274 2895 391 2984 driccam
415 2896 491 2964 ἀλλ’
506 2895 586 2988 ὅπερ
607 2898 765 2979 βούλεται
787 2899 889 2968 εἰπεῖν
907 2898 925 2967 ὃ
949 2897 1137 2970 ἀπόστολος
1156 2886 1254 2967 τοῦτό
1272 2898 1374 2966 ἐστιν.

168 2999 328 3085 ὀπρῶτος
344 2999 513 3086 ἄνθρωπος
533 3001 576 3074 ὥς
596 3002 729 3086 ἐγένετο,
751 3002 781 3070 εί
801 3001 862 3085 μὲν
880 3001 1042 3075 ἀθάνατος
1063 3001 1193 3087 ἔμεινεν,
1216 3000 1376 3076 ἐνεστὼς

167 3104 241 3186 βίος
255 3103 314 3173 οὐκ
328 3102 368 3172 ἂν
381 3105 428 3186 ἦν,
444 3105 503 3172 ὅτε
517 3105 555 3189 δὴ
569 3105 663 3178 τέλος
678 3104 736 3173 οὐκ
750 3105 845 3196 ἔχων·
868 3103 977 3188 ἐπειδὴ
998 3103 1033 3172 δὲ
1052 3102 1165 3186 θνητὸς
1184 3102 1308 3188 ἐγένετο
1323 3103 1377 3171 διὰ

168 3205 228 3288 τὴν
244 3205 414 3293 ἁμάρτίον,
430 3207 588 3282 ἐνεστὼς
602 3211 752 3276 καλεῖται
764 3207 840 3287 βίος
854 3205 897 3278 dr
916 3205 999 3278 einh
1013 3204 1034 3289 ἦ
1049 3208 1202 3294 παροῦσα
1217 3203 1278 3289 ζωὴ
1293 3205 1376 3294 πρὸς
1389 3227 1429 3294 25

169 3309 228 3392 τὴν
244 3309 434 3393 μέλλουσαν
454 3310 597 3401 ὕστερον.
640 3312 676 3380 ἐν
697 3311 800 3399 ταύτῃ
820 3311 881 3395 μὲν
902 3308 958 3378 οὖν
979 3308 1035 3379 καὶ
1055 3307 1252 3397 ἁμαρτάνειν
1272 3311 1376 3380 ἐπιδε-

168 3413 305 3504 χόμεθο,
330 3411 404 3482 ὅθεν
429 3413 484 3483 κοί
509 3417 651 3501 νομίμων
676 3414 753 3499 ἡμῖν
779 3413 884 3505 χρεία·
917 3413 970 3482 ἐπὶ
997 3412 1032 3479 δέ
1053 3439 1092 3497 «γε
1115 3415 1172 3481 τοῦ
1198 3413 1377 3500 μέλλοντος

169 3517 282 3592 αἰῶνος
295 3517 368 3586 οὐδὲ
382 3517 556 3606 διατάξεως
569 3521 665 3612 χρεία
678 3519 755 3606 ἡμῖν
770 3519 863 3600 τινός,
876 3519 1010 3606 ἐπείπερ
1022 3516 1084 3604 ἔξω
1095 3515 1207 3600 πάσης
1219 3516 1377 3608 ἁμαρτίας

169 3625 210 3708 τῇ
224 3623 280 3688 τοῦ
295 3621 476 3708 πνεύματος
489 3622 603 3712 χάριτι
618 3623 859 3713 φυλαττόμεθα

234 3747 392 3829 βούλεται
411 3747 518 3817 τοίνυν
532 3748 634 3817 εἰπεῖν
648 3748 699 3817 im
720 3747 845 3816 δέδοται
863 3745 955 3833 μὲνὸ
978 3745 1081 3832 νόμος,
1101 3743 1243 3834 ἆμορτίο
1263 3744 1299 3813 δὲ
1320 3743 1378 3814 οὖν
1389 3769 1432 3835 3ο
1498 3785 1500 3790 ·

220 3936 404 4002 3posimmH
417 3932 424 3950 ⁴
529 3939 677 4000 5atubiC
806 3937 943 3989 8idemC
989 3937 1016 3987 id
1032 3945 1070 3988 est
1085 3937 1120 3988 H
1127 3936 1377 4004 (imbq‘minstans)

173 4017 422 4082 ropeocareomc'
518 4019 706 4084 requaeCH
802 4018 1192 4084 14n.lioearc·licebatn.}!
1286 4021 1377 4082 170b·

169 4100 308 4154 seruantiae
327 4101 349 4151 C
358 4101 393 4151 H
486 4102 517 4151 ²8
534 4102 575 4151 δελ
590 4101 679 4162 τάξεως
690 4101 733 4152 Cr.

204 4267 229 4322 7.
262 4256 571 4324 monolaifie.perpecc.]
605 4257 654 4309 See
667 4274 692 4325 p.
706 4270 748 4321 25,
800 4255 1151 4317 scurastheseuse3seeGk.
1190 4255 1379 4324 Thedifficulty

171 4339 325 4401 l.17‚uote.
800 4337 831 4389 oi
838 4337 880 4389 the
891 4335 1086 4388 sentenoeinits
1097 4335 1171 4387 Latin
1185 4335 1379 4403 dressispartly

204 4421 228 4472 8.
253 4427 370 4485 μεινεκε
379 4419 652 4483 νοονίίαίννίονιτνᾶ
677 4421 753 4471 Ides!
801 4420 884 4485 owing
902 4425 930 4470 to
947 4418 991 4469 the
1007 4417 1052 4470 u'se
1066 4418 1097 4469 oi
1112 4433 1161 4470 one
1177 4417 1252 4470 Latin
1265 4419 1337 4472 word
1352 4427 1379 4474 to

173 4503 225 4564 (see
238 4519 277 4552 vv.
292 4501 331 4563 lt)
350 4502 371 4552 is
386 4517 419 4552 an
436 4501 540 4553 obvious
556 4502 624 4567 gloss
639 4503 690 4552 and
706 4501 751 4552 ob·
801 4515 901 4568 express
912 4501 964 4566 βίω
975 4501 1025 4552 and
1036 4501 1093 4566 ζωή.
