3332 5210
187 399 244 464 IV.
261 397 324 483 αα]
584 411 627 464 m
651 413 703 466 ΕΡ.
726 413 780 463 ιο
801 413 979 466 camnis.
1350 409 1388 477 75

183 582 301 646 uolunt
321 582 431 648 uocari
447 581 833 668 desipientiam—neque
853 585 1052 670 paradisum,
1068 582 1269 668 paradisum,
1284 599 1393 664 neque

183 682 365 759 colubrum,
397 685 569 751 colubrum
600 709 673 752 esse
702 689 860 753 dicentes.
914 689 957 751 ad
990 707 1074 770 quos
1114 685 1271 748 uolebam
1310 681 1391 746 illud

183 788 301 866 dicere,
328 799 366 856 ut
398 789 570 855 historiam
593 791 848 874 intercipientes,
879 790 966 854 ultra
989 809 1055 853 non
1085 789 1260 852 habuerint
1290 785 1393 849 histo·

184 893 275 956 riam.
313 891 377 957 hoc
399 903 512 958 autern
539 894 636 972 sacto,
652 895 766 959 dicant
792 895 882 958 unde
907 893 1032 957 habent
1055 894 1215 967 adserere,
1239 889 1392 972 quisnam

183 997 310 1079 primus
340 995 442 1060 homo
472 997 578 1062 sactus
608 998 682 1062 est?
727 1005 785 1063 aut
815 998 985 1080 quomodo
1013 997 1228 1060 inoboediens
1255 995 1393 1059 existit?
1429 999 1445 1066 5

184 1110 243 1164 aut
273 1103 443 1183 quomodo
474 1102 664 1166 introducta
693 1111 745 1166 est
774 1102 891 1164 mortis
921 1100 1110 1164 sententia?
1157 1109 1191 1163 et
1228 1099 1392 1181 siquidem

183 1204 227 1267 de
249 1205 417 1287 scripturis
440 1205 504 1270 ista
526 1206 720 1282 didicerunt,
737 1205 921 1268 necessario
944 1203 1001 1268 illa
1021 1223 1108 1286 quae
1128 1203 1172 1267 ab
1192 1202 1255 1266 illis
1275 1203 1395 1266 dicitur

184 1305 343 1388 allegoria
368 1314 420 1369 est
447 1307 624 1371 manifesta
649 1307 857 1389 desipientia,
880 1306 960 1389 quia
986 1315 1021 1369 et
1046 1304 1212 1388 superflua
1240 1325 1312 1368 esse
1335 1323 1395 1386 per

186 1411 299 1473 omnia
324 1409 480 1492 arguitur.
526 1410 553 1473 si
580 1420 692 1474 autem
716 1409 780 1474 hoc
802 1430 918 1474 uerum
941 1419 1001 1484 est,
1024 1418 1058 1473 et
1080 1409 1138 1472 illa
1161 1409 1248 1491 quae
1270 1408 1394 1491 scripta

185 1523 263 1588 ¹sunt
286 1531 353 1575 non
377 1532 485 1575 rerum
507 1521 677 1594 gestarum
703 1513 845 1578 retinent
861 1514 1093 1586 narrationem,
1110 1510 1201 1575 aliud
1218 1530 1296 1574 uero
1311 1509 1393 1593 quid
1411 1520 1450 1569 ιο

185 1613 388 1696 profundum
414 1613 562 1677 indicant
585 1622 620 1678 et
641 1614 732 1697 quod
760 1596 909 1698 intellegi
933 1614 1064 1689 debeat,
1086 1613 1157 1676 siue
1181 1621 1214 1676 et
1237 1599 1393 1694 spiritale,

185 1715 270 1778 sicut
294 1715 355 1799 ipsi
381 1713 497 1779 uolunt
523 1715 642 1794 dicere,
665 1716 756 1799 quod
783 1727 816 1782 et
842 1715 1141 1800 deprehenderunt,
1158 1723 1276 1797 utpote
1286 1707 1394 1796 'spiri-

186 1817 269 1882 tales
286 1819 421 1900 quidam
438 1818 500 1901 ipsi
515 1819 720 1900 existentes;
744 1819 833 1884 unde
854 1841 968 1884 eorum
984 1841 1064 1904 ergo
1079 1828 1252 1901 acceptam
1268 1817 1393 1881 habent

186 1919 434 2001 cognitionem?
483 1920 768 2002 quemadmodum
792 1931 905 1986 autem
936 1921 994 1985 illa
1023 1931 1058 1986 et
1087 1921 1210 1994 dicunt,
1233 1920 1328 2002 quasi
1351 1918 1394 1981 de

187 2024 300 2086 diuina
327 2023 402 2087 ideo
432 2022 522 2086 docti
553 2021 707 2087 locuntur
732 2025 919 2107 scriptura?
963 2034 998 2089 et
1027 2024 1109 2089 sileo
1139 2023 1270 2087 interim
1301 2021 1392 2094 illud,
1411 2033 1445 2102 15

187 2127 345 2208 quoniam
372 2125 455 2190 haec
478 2127 623 2190 comita
647 2148 683 2191 se
707 2127 862 2206 habeant,
887 2149 996 2212 neque
1020 2128 1076 2193 illa
1101 2149 1187 2211 quae
1211 2127 1393 2192 secundum

188 2230 356 2294 Christum
388 2240 465 2293 sunt
496 2231 698 2294 uidebuntur
727 2252 795 2314 qua
829 2231 957 2296 ratione
987 2231 1076 2296 sacta
1106 2232 1179 2295 sint.
1225 2231 1395 2294 reuocauit

170 2320 285 2412 enim,
302 2333 386 2396 sicut
408 2332 580 2414 apostolus
596 2333 684 2410 dicit,
703 2334 984 2400 inoboedientiam
1003 2334 1110 2410 Adae,
1127 2343 1160 2398 et
1172 2333 1298 2396 'mortis
1320 2352 1394 2395 sen-

186 2437 327 2500 tentiam
353 2435 462 2499 soluit.
508 2457 595 2518 quae
621 2447 699 2502 sunt
727 2437 785 2502 illa
811 2460 897 2522 quae
920 2438 1001 2502 olim
1025 2437 1113 2502 sacta
1136 2458 1208 2500 esse
1231 2436 1394 2514 dicuntur,

187 2547 220 2602 et
243 2538 299 2601 ubi
323 2547 400 2601 sunt
423 2538 536 2602 iacta?
559 2539 724 2620 siquidem
745 2539 883 2605 historia
906 2562 993 2624 quae
1016 2542 1059 2604 de
1080 2539 1132 2602 his
1154 2547 1213 2614 est,
1231 2558 1297 2600 non
1321 2537 1393 2614 ista,
1408 2551 1452 2600 20

186 2641 245 2702 sed
261 2639 366 2703 altera
385 2639 497 2722 aliqua
519 2643 703 2704 secundum
727 2661 784 2705 eos
806 2643 981 2726 signifieat.
1025 2661 1126 2725 quem
1149 2647 1261 2702 autem
1284 2637 1393 2703 locum

187 2742 351 2806 obtinebit
374 2743 559 2827 apostolica
581 2745 703 2809 dictio:
729 2746 822 2810 timeo
843 2757 952 2810 autem
975 2767 1014 2832 ne
1033 2746 1118 2809 sicut
1136 2746 1262 2810 coluber
1280 2743 1395 2809 Euam

187 2846 336 2922 sedimin-
357 2848 385 2910 si
410 2868 519 2930 neque
542 2849 677 2913 coluber
700 2850 769 2928 suit,
786 2871 894 2933 neque
919 2851 1002 2925 Eua,
1018 2870 1126 2932 neque
1146 2848 1296 2913 seductio
1312 2848 1395 2912 alias

189 2971 269 3033 erga
295 2949 389 3013 illum
417 2951 554 3014 extitit?
599 2960 633 3016 et
659 2951 773 3016 multis
801 2953 834 3016 in
862 2952 943 3015 locis
974 2952 1111 3014 euidens
1141 2959 1193 3014 est
1222 2950 1395 3032 apostolus

188 3050 361 3116 historiam
388 3053 601 3135 antiquorum
629 3063 666 3118 ut
692 3055 868 3118 ueritatem
899 3075 959 3137 per
987 3054 1101 3116 omnia
1131 3052 1231 3115 fuisse
1261 3052 1395 3116 abusus.
1409 3064 1447 3133 25

238 3191 252 3239 3
269 3176 428 3226 abuterentur
442 3177 614 3228 Chabuterint
626 3177 677 3242 (sic)
689 3179 723 3228 H
728 3179 801 3241 (corr)
815 3177 820 3244 Ι
834 3180 937 3230 historia
952 3179 973 3229 C
985 3177 1059 3242 (corr)
1156 3191 1170 3240 5
1188 3177 1269 3227 extitit
1280 3178 1314 3227 H
1321 3178 1394 3239 (corr)

191 3271 218 3306 11
237 3257 331 3306 indicat
342 3258 374 3306 H
385 3257 388 3322 Ι
404 3265 429 3306 et
441 3257 494 3321 (bes
498 3259 570 3322 spir.)
582 3275 628 3308 om.
644 3258 750 3324 C(c0rr)
922 3276 951 3310 ιι
969 3261 1022 3325 ipse
1036 3257 1071 3310 C*
1248 3273 1277 3321 13
1294 3258 1396 3322 quidem

190 3340 296 3401 ΟΙσσντ)
312 3339 316 3406 Ι
330 3342 396 3390 unde
407 3357 467 3406 ergo
478 3358 528 3391 eor.
547 3343 568 3392 C
724 3355 752 3405 15
770 3343 830 3393 dum
842 3343 894 3407 (sor
903 3344 980 3404 docti)
992 3344 1026 3392 H
1187 3339 1216 3391 16
1232 3341 1294 3390 haec
1306 3356 1362 3390 eum
1376 3341 1398 3391 C

190 3433 219 3484 17
236 3429 294 3471 sunt
306 3422 364 3486 (for
373 3423 432 3484 sint)
447 3424 469 3473 C
619 3437 650 3474 τι
668 3424 721 3474 siue
733 3424 790 3488 (sor
800 3425 873 3486 sicut)
888 3427 910 3474 C
1056 3438 1086 3488 ²3
1103 3423 1156 3474 sine
1168 3423 1223 3489 (sor
1233 3423 1253 3472 si
1265 3425 1356 3486 neque)
1368 3422 1402 3474 Ji

189 3517 221 3564 ²4
237 3517 296 3565 ergo
310 3501 345 3551 C*
444 3515 474 3566 25
491 3501 570 3568 antiq.
582 3509 609 3552 ut
627 3519 678 3553 uer.
690 3508 848 3570 antiquorum
862 3504 913 3570 (sic)
925 3503 970 3554 H*
987 3503 990 3569 Ι
1004 3503 1090 3554 suisset
1101 3503 1146 3553 H*

225 3621 246 3655 ι.
284 3603 634 3670 mqueparaduump.&c.]
676 3607 767 3672 Comp.
817 3610 861 3656 τοῦ
878 3607 940 3657 αὐτὰ
961 3608 1106 3670 τροπικῶς
1128 3605 1175 3654 διὰ
1195 3605 1335 3666 δοκούσης
1354 3605 1396 3654 iu·

189 3686 260 3751 Orig.
278 3687 384 3736 in‘Gen.
401 3687 426 3736 ii.
445 3705 468 3754 9,
488 3691 546 3738 ὅταν
563 3690 768 3751 ἀναγινώσκοντες
817 3690 919 3750 rapiar
943 3691 991 3738 rut
1019 3691 1050 3737 οὐ
1074 3688 1216 3748 σωματικῶς
1237 3687 1398 3749 γεγενημένην

189 3765 353 3832 ἀναβαίνομεν
365 3770 414 3818 ἀπὸ
428 3771 477 3818 τιῖν
492 3772 574 3829 μύθων
590 3773 631 3820 καὶ
647 3767 688 3829 τῆς
705 3772 769 3820 κατὰ
817 3773 914 3832 μηνύειν
925 3771 979 3820 τινὰ
990 3770 1117 3830 μυστήρια.

188 3851 218 3899 τὸ
233 3850 335 3913 γράμμα
351 3853 459 3912 ἐκδοχῆι,
478 3855 586 3917 ζητῶμεν
599 3855 653 3901 τίνα
665 3855 697 3902 τὰ
708 3857 768 3913 ξύλα
853 3869 889 3904 ιο.
918 3847 998 3918 utpote
1014 3855 1137 3918 spiritales
1152 3853 1255 3917 qm'dam
1273 3851 1322 3917 ipsi
1336 3853 1398 3902 exr's-

189 3931 255 3981 ἐστὶν
272 3933 349 3982 ἐκεῖνα
366 3931 381 3981 ἃ
399 3934 412 3982 ὁ
428 3936 481 3983 θεὸς
492 3936 604 3997 γεωργεῖ,
616 3936 720 3997 λέγομεν
730 3937 767 3984 ὅτι
816 3935 900 3997 tmtcs]
913 3933 996 3999 ὥσπερ
1007 3936 1161 3994 πνευματικοί
1172 3951 1233 3984 τινες
1244 3935 1311 3982 αὐτοὶ
1323 3933 1397 3996 ὑπάρ-

189 4017 232 4064 οὐκ
247 4015 281 4062 ἔνι
298 4013 405 4073 alodum*
420 4017 481 4074 ξύλα
497 4017 522 4064 ἐν
536 4012 572 4076 τῷ
587 4016 661 4078 τόπῳ.
677 4016 708 4064 ih.
729 4030 767 4078 15,
817 4011 951 4078 χοντιιΙῗΙ.
985 4015 1026 4064 Cf.
1038 4031 1062 4079 p.
1079 4031 1116 4078 30,
1132 4013 1149 4062 1.
1162 4032 1185 4076 4,
1200 4021 1266 4063 note.

189 4095 411 4157 οῑάνιιγεννῶμενοι
423 4098 462 4146 διὰ
471 4094 515 4146 τοῦ
527 4100 590 4146 θείου
597 4099 769 4161 βαπτίσματος
854 4099 891 4146 18.
919 4097 982 4146 sicut
992 4104 1033 4161 ap.
1046 4097 1083 4158 d.]
1123 4097 1162 4146 Cf.
1175 4098 1249 4146 Rom.
1265 4113 1288 4146 v.
1307 4099 1343 4156 18,
1357 4113 1395 4161 sq.

188 4179 260 4241 ἐντῷ
271 4180 410 4242 παραδείσῳ
420 4183 534 4242 τίθενται,
552 4181 679 4229 τουτέστιν
695 4181 721 4229 ἐν
736 4176 768 4242 τῇ
852 4195 892 4231 αα.
921 4182 1048 4244 apostolica
1059 4180 1139 4241 dr'ctio]
1169 4179 1254 4229 aCor.
1267 4180 1300 4228 xi.
1314 4195 1337 4242 3.

188 4264 314 4324 ἐκκλησίᾳ,
329 4264 400 4313 καλ
435 4262 465 4313 de
474 4265 557 4327 pn'm.
577 4263 611 4312 iv.
632 4261 670 4321 16,
689 4263 726 4312 ris
742 4263 769 4311 δὲ
853 4277 892 4327 23.
920 4263 1045 4312 sedulius
1055 4262 1208 4326 ergadlum]
1232 4262 1301 4319 Alia,
1318 4260 1397 4318 Pitra3

189 4345 264 4396 οὕτως
274 4347 364 4405 ἠλίθιος
375 4346 406 4396 ὡς
417 4347 525 4405 οἰηθῆναι
539 4345 628 4409 τρόπον
645 4345 769 4407 ἀνθρώπου
819 4341 864 4392 but
884 4343 992 4408 perhaps
1009 4342 1200 4406 unnecessarily.
1235 4343 1307 4406 Erga
1325 4342 1399 4392 ιῚΙιισι

188 4429 299 4493 γεωργοῦ
309 4429 352 4478 τὸν
362 4429 416 4478 θιὸν
432 4429 606 4490 reponuntur
623 4428 770 4489 παράδεισον
824 4421 904 4474 :xur'
921 4425 1008 4474 ἐκεῖνον
1026 4439 1059 4474 sc.
1072 4425 1114 4472 τὸν
1125 4423 1187 4485 ὄφιν.

189 4516 216 4564 ἐν
233 4511 306 4570 Ἐὰέμ
356 4513 397 4559 οὐκ
416 4510 482 4572 οἶμαι
502 4510 621 4573 διστάζειν
638 4510 693 4558 τινὰ
714 4507 769 4570 περὶ
