3292 5206
155 403 211 470 IV.
234 403 380 487 11-15.]
523 414 563 463 ns
589 414 640 463 nn.
665 413 716 462 nn
739 409 999 463 conossnnsns
1300 413 1364 476 309

152 594 203 650 rat
218 585 265 648 eis
282 583 510 668 euangelium
533 603 642 668 neque
661 603 682 648 a
701 603 747 660 se,
762 583 852 667 quod
876 581 946 648 fieri
969 602 1035 647 non
1059 587 1190 666 poterat
1213 600 1253 646 eo
1274 581 1364 665 quod

153 686 295 749 necdum
312 686 441 750 uiderat
458 707 523 750 eos.

216 855 248 908 ct
260 843 303 907 H
301 844 384 908 iesus
397 844 457 926 qui
469 844 591 908 dicitur
604 843 724 920 Italics,
740 844 800 927 qui
817 856 897 909 sunt
916 865 955 908 cx
969 844 1205 910 circumcisione
1214 870 1229 921 ,·
1251 845 1290 910 lu·
1305 845 1368 909 soli

151 961 229 1014 sunt
241 947 416 1032 cooperarii
430 949 494 1012 moi
508 949 542 1011 ia
558 970 693 1031 rognum
709 948 781 1026 Dei,
797 948 952 1031 quifacti
963 957 1041 1011 sunt
1055 949 1139 1012 mc'lri
1151 949 1312 1015 solatium.

218 1085 341 1148 salutat
357 1105 413 1148 eos
430 1092 464 1148 et
479 1084 522 1147 ab
541 1085 656 1159 Hiesu,
673 1085 728 1166 qui
752 1084 1007 1166 cognominatur
1029 1084 1149 1150 Iustus.
1193 1083 1256 1148 hos
1278 1086 1366 1149 solos
1405 1089 1420 1156 5

152 1188 234 1253 dicit
254 1189 296 1252 de
318 1188 382 1251 illis
414 1189 537 1271 quiex
561 1188 810 1251 circumcisione
835 1187 1046 1251 crediderunt
1071 1189 1280 1268 cooperarios
1304 1190 1367 1253 sibi

153 1309 225 1354 esse
241 1291 274 1352 in
291 1287 487 1373 euangelio;
510 1309 594 1373 quos
610 1298 644 1352 et
660 1288 815 1352 solatium
832 1289 893 1352 sibi
909 1288 1100 1371 praebuisse
1115 1288 1212 1354 dixit.

217 1448 418 1511 salutaticos
438 1444 614 1530 Epaphras
635 1445 693 1529 qui
714 1467 754 1510 ac
775 1443 865 1509 mois
886 1453 939 1522 cst,
962 1467 1076 1508 sericus
1098 1444 1228 1523 Christi,
1249 1458 1371 1529 sempor

153 1548 310 1612 sollicitus
316 1559 380 1631 pro
395 1549 485 1613 uobis
500 1549 535 1611 in
549 1548 756 1624 orationibus,
769 1558 807 1611 ut
819 1545 910 1611 stetis
915 1547 1054 1628 perfecti
1062 1558 1093 1610 ct
1107 1547 1218 1629 repleti
1231 1547 1265 1609 in
1281 1547 1371 1624 omni

155 1653 319 1716 uoluntate
341 1651 414 1718 Dei.
463 1652 681 1716 testimonium
709 1651 842 1736 (inquit)
864 1650 1013 1734 perhibeo
1035 1652 1072 1729 ei,
1099 1651 1251 1734 quoniam
1277 1653 1371 1717 habet
1388 1668 1426 1715 10

156 1757 295 1820 maltum
316 1757 421 1820 celiam
436 1768 501 1838 pro
524 1755 614 1820 uobis
638 1766 670 1819 ct
686 1755 825 1838 proicis
848 1755 907 1838 qui
932 1754 967 1818 in
989 1753 1148 1818 Laodicia
1168 1767 1247 1820 sunt
1267 1766 1300 1819 ct
1323 1755 1370 1819 eis

155 1859 214 1944 qui
228 1860 263 1922 in
278 1857 458 1940 Hierapoli.

221 1984 344 2050 deinde
368 1984 493 2048 salutat
519 2005 577 2048 eos
604 1986 647 2048 ab
675 1983 834 2068 Epaphra
860 1986 917 2068 qui
944 1985 1148 2068 praedicauit
1173 1985 1228 2060 eis,
1256 1985 1370 2048 dicens

156 2087 297 2153 multam
322 2087 579 2151 sollicitudinem
604 2087 728 2152 habere
752 2109 828 2152 eum
847 2090 890 2154 de
914 2090 969 2167 eis,
992 2083 1038 2154 it'a
1064 2099 1102 2154 ut
1125 2099 1197 2155 oret
1221 2100 1258 2153 ut
1284 2088 1370 2153 firmi

156 2202 375 2277 permaneant
392 2193 424 2255 in
440 2191 515 2256 fide.
560 2191 640 2255 dicit
656 2193 744 2254 enirn
761 2191 933 2275 apostolus
954 2194 1182 2258 testimonium
1198 2192 1371 2277 perhibere
1390 2210 1424 2277 15

158 2295 196 2370 ei,
220 2313 321 2375 quam
346 2293 488 2356 multam
511 2292 771 2357 sollicitudinem
798 2295 841 2358 de
871 2295 934 2360 illis
964 2295 1074 2374 habet,
1099 2315 1227 2359 necnon
1251 2304 1285 2360 et
1308 2295 1370 2358 illis

158 2398 214 2482 qui
231 2398 263 2461 in
281 2396 441 2461 Laodicia
457 2406 535 2462 sunt
550 2407 585 2462 et
601 2398 634 2460 in
653 2397 837 2481 Hierapoli.

222 2563 347 2628 sallitat
360 2558 416 2627 uos
430 2560 547 2638 Lucas,
563 2560 704 2626 nudans
716 2557 914 2635 carissimus,
929 2569 961 2623 et
974 2558 1106 2622 Damas.

224 2699 347 2763 salutat
363 2718 419 2761 eos
435 2707 469 2762 et
485 2719 505 2760 a
522 2697 614 2764 Luca
630 2697 769 2772 medico,
785 2696 842 2778 qui
858 2694 1068 2782 euangelium
1084 2696 1286 2778 conscripsit,
1298 2716 1372 2760 nec-

160 2809 277 2863 non'et
294 2800 414 2864 Dema.
459 2797 581 2861 deinde
597 2799 710 2861 scribit
725 2798 793 2860 eis:
1387 2808 1430 2856 20

154 2923 157 2928 ¹
224 2946 363 3010 salutate
380 2967 431 3009 eos
449 2945 508 3027 qui
527 2944 561 3007 in
577 2944 735 3008 Laodicia
754 2953 833 3007 sunt
843 2942 983 3025 fratres,
998 2952 1031 3005 ot
1043 2941 1084 3004 N
1075 2943 1241 3024 ymplcom,
1257 2951 1289 3005 et
1301 2962 1372 3006 cam

160 3046 290 3130 quaein
306 3047 398 3110 domo
411 3066 521 3110 eorum
535 3056 584 3109 ost
596 3045 764 3110 ecclesiam.

213 3257 224 3293 1
244 3241 311 3292 enim
327 3242 381 3291 odd
397 3241 418 3292 C
427 3241 462 3291 H
467 3239 499 3306 νΙ
515 3257 566 3290 non
581 3257 620 3290 om
636 3234 676 3290 ''C‘
800 3257 823 3306 3,
844 3255 858 3305 5
877 3242 954 3302 Iesus,
976 3243 1033 3293 lesu
1051 3259 1068 3292 r
1195 3259 1223 3293 ro
1239 3220 1343 3294 haberet
1360 3261 1376 3293 r

165 3337 193 3373 η
212 3337 298 3372 eorum
313 3323 336 3371 C
344 3322 376 3372 H
474 3321 503 3372 16
520 3323 557 3373 eis
576 3321 641 3371 CH
647 3338 664 3370 r
767 3333 794 3384 17
814 3323 940 3373 Laodecia
953 3323 974 3373 C
988 3325 1063 3385 (corr)
1163 3337 1192 3376 αι
1211 3331 1237 3374 et
1249 3323 1296 3389 (ast
1305 3327 1374 3386 sunt)

162 3410 214 3458 add
225 3409 286 3459 CH
294 3413 298 3468 Ι
315 3405 456 3471 Nimpham
471 3405 494 3454 C
525 3403 646 3468 Nymsam
657 3405 692 3454 H

162 3594 303 3662 personnlly
312 3594 405 3643 known
417 3601 444 3642 to
456 3592 499 3642 the
510 3591 661 3650 Coloniam,
672 3591 744 3641 takes
795 3591 888 3649 lores‚’'
917 3593 967 3644 and
994 3592 1033 3643 sor
1061 3593 1176 3643 solatium
1205 3595 1372 3656 (παρηγορία),

163 3676 260 3739 exactly
271 3675 313 3724 the
324 3674 439 3740 opposite
450 3673 514 3723 view
525 3691 531 3722 ε
545 3673 584 3722 καί
592 3669 662 3722 τοῦτο
675 3674 746 3732 δηλοῖ
796 3678 812 3702 “
820 3673 937 3725 solatio.”

163 3757 193 3810 ὡς
223 3757 397 3816 τεθεαμένος
427 3751 532 3806 airolis
558 3757 667 3820 ἔγραψεν
698 3752 744 3815 τήν
832 3771 869 3806 11.
902 3756 990 3818 uiuos]
1008 3753 1088 3816 ζῆλον.
1122 3757 1157 3807 So
1173 3755 1271 3821 Chrys„
1288 3758 1374 3816 Thdt„

163 3835 305 3900 ἐπιστολήν.
346 3835 409 3898 μετὰ
434 3839 484 3900 γὰρ
506 3837 551 3897 τὴν
578 3837 745 3899 γεγενημένην
796 3837 841 3888 &o
870 3839 925 3889 The
938 3839 1011 3888 Latin
1020 3839 1131 3889 versions
1141 3839 1204 3889 have
1215 3839 1377 3900 “laborm'’

164 3925 229 3985 αίννῷ
240 3941 268 3971 τε
280 3923 320 3972 καί
332 3918 367 3982 τῷ
376 3922 485 3983 μακαρίῳ
502 3921 619 3984 Βαρνάβα
631 3921 686 3982 περί
702 3915 748 3968 τοῦ
796 3922 966 3985 representing
988 3919 1068 3970 πίνον.
1102 3923 1153 3970 Pro
1175 3921 1271 3971 his...e!
1291 3937 1375 3971 eorum

165 4005 267 4069 Μάρκου
290 4005 437 4066 φιλονεικίαν
466 4002 499 4066 τῇ
525 4003 619 4065 Φμνγίᾳ
647 4003 687 4071 καί
714 3996 747 4062 τῇ
798 4001 848 4066 (vv.
858 4001 1143 4067 ll.)=irlp...ro⁶ro...ml
1155 4005 1212 4061 τῶν,
1225 4006 1297 4052 rab.

164 4089 274 4150 Γαλατία
306 4087 351 4146 τήν
373 4086 541 4134 calmana»
570 4084 743 4146 προσήνεγκεν.
833 4100 870 4150 19.
903 4087 950 4150 qui
963 4101 1051 4149 euong.
1064 4085 1165 4147 cousin]
1199 4085 1293 4134 Thon:
1310 4081 1378 4136 ciros

165 4171 226 4220 clrbr
248 4164 289 4217 οὖν
311 4169 349 4216 liri
367 4165 483 4217 ciceris
498 4168 552 4228 περί
570 4163 649 4216 αὐτῶν
669 4166 703 4228 [ν.
726 4164 743 4215 l.
798 4169 837 4216 καί
858 4167 887 4216 τὸ
910 4168 972 4215 θεῖον
996 4167 1149 4231 συνέγραψεν
1170 4162 1314 4228 εὐαγγέλιον
1337 4168 1378 4214 καί

166 4249 250 4312 αὐτοῦ]
262 4251 361 4298 δέδωκεν
374 4247 482 4298 ἐντολάς.
516 4248 605 4312 Chrys.
620 4247 748 4308 (followed
798 4246 1021 4310 τὴνίατομίαντῶν
1033 4247 1150 4310 πράξεων.

165 4330 673 4400 byThpht.)ofsersathirdsuggestionz
690 4331 748 4381 ίσωο
832 4345 871 4380 αι.
899 4330 945 4395 qui
964 4331 993 4379 in
1011 4331 1043 4380 L.
1061 4336 1123 4379 sunt
1136 4329 1245 4394 scotres]
1277 4330 1333 4380 roos
1351 4326 1378 4378 ίν

165 4413 234 4482 παρὰ
246 4412 355 4477 Βαρνάβα
367 4411 467 4464 ἐντολὰς
478 4415 576 4476 ἔλαβον.
798 4411 927 4472 Λαοδικείᾳ
939 4407 1064 4473 ἀδελφούς.
1088 4409 1163 4476 Vulg.
1173 4411 1237 4475 “qui
1247 4417 1303 4460 sunt
1314 4411 1379 4460 Iao·

199 4521 222 4564 4.
256 4496 394 4565 cooperatio]
412 4497 538 4548 0.L.and
552 4497 635 4561 Vulg.,
653 4495 745 4546 “adin
797 4490 905 4542 diciae.’'
939 4491 989 4541 For
1010 4506 1093 4540 eoram
1112 4489 1155 4542 the
1175 4489 1249 4540 Latin
1269 4491 1380 4540 versione
