3342 5224
251 405 550 458 COMMENTARIES
573 405 626 456 ΟΝ
650 405 728 456 THE
751 404 920 457 EPISTLES
944 404 991 455 OF
1015 405 1042 456 S.
1059 403 1164 456 PAUL.
1209 390 1293 454 lxxv

373 597 537 644 sisisclus·
936 595 1117 642 Tnsonotts.

599 686 635 770 (c)
677 689 742 751 Gal.
765 687 805 748 iii.
830 705 875 749 20.

217 805 272 855 “in
281 819 361 854 manu
367 805 523 864 meimet-iu
533 803 713 868 siueMoysi[s]
796 802 851 852 “in
868 818 949 852 marm
966 802 1105 852 medtbton's
1121 801 1204 867 Moysi
1220 803 1288 854 dicit.

181 893 211 937 ut
233 886 338 951 quidem
360 893 542 952 putant...nam
567 892 592 937 et
613 888 714 950 Moyses
766 884 898 946 ...Moyses
920 883 1023 948 quidem
1045 883 1095 933 Dei
1117 890 1142 934 et
1161 885 1292 935 hominum

183 967 274 1032 (aiunt)
284 969 349 1019 inter
357 969 441 1020 Deum
452 975 477 1020 et
487 967 609 1035 populum
617 968 714 1018 medius
764 965 864 1015 illorum
874 965 917 1029 qui
929 965 1010 1030 legem
1026 965 1182 1031 accipiebant
1198 966 1291 1018 media·

181 1049 256 1100 saiw
765 1047 895 1100 toterat.”

560 1269 566 1285 ,
585 1211 639 1293 (d)
681 1213 757 1290 Epis
780 1210 796 1272 i
823 1231 868 1270 20.

222 1323 304 1390 “quia
316 1339 393 1374 unum
409 1331 446 1376 est
462 1326 513 1376 iam
529 1341 586 1376 cum
603 1325 661 1376 Deo
678 1339 715 1374 es·
800 1323 857 1373 “de
874 1330 989 1389 suscepto
1005 1323 1107 1374 homine
1118 1323 1144 1374 id
1155 1325 1248 1386 dicens,
1262 1343 1293 1377 eo

184 1413 298 1470 sumptus
309 1404 411 1457 homo.'¹
765 1405 833 1470 quod
856 1412 958 1470 propter
980 1405 1159 1455 inhabitantem
1182 1407 1208 1455 in
1236 1422 1293 1456 eum

766 1493 880 1537 naturam
891 1486 942 1536 Dei
952 1485 1031 1536 Verbi
1042 1486 1075 1535 ab
1086 1486 1202 1538 omnibus
1217 1487 1294 1538 babet

766 1567 889 1619 adorari.'’

595 1671 923 1807 memte*

223 1837 289 1887 “hic
317 1836 477 1904 ‘episcopos’
500 1840 657 1905 presbyteros
679 1841 715 1889 in·
803 1835 988 1904 “¹episcdpos’
1005 1839 1067 1888 dixit
1085 1838 1141 1888 ilios
1162 1839 1205 1904 qui
1227 1855 1293 1889 nunc

187 1919 345 1985 tellegimus;
374 1937 425 1970 non
445 1923 511 1972 enim
535 1921 561 1970 in
583 1937 633 1971 una
654 1921 716 1971 urbe
766 1922 904 1987 presbyteri
918 1923 1046 1979 dicuntum
1064 1937 1110 1971 nec
1122 1921 1189 1971 enim
1200 1921 1294 1971 ordinis

187 2001 273 2066 piures
283 2001 394 2068 episcopi
405 2017 458 2053 esse
469 2000 633 2067 potuissent.”
766 2010 820 2053 erat
834 2003 927 2052 multos
942 2003 967 2051 in
979 2017 1029 2052 una
1043 2002 1145 2052 ciuitate
1160 2017 1213 2052 esse
1226 2003 1290 2062 illos,

766 2084 810 2150 qui
821 2099 887 2135 nunc
898 2083 1009 2149 episcopi
1020 2081 1220 2148 nuncupantur.”

555 2238 609 2319 m
666 2236 908 2314 mmmm.

223 2352 320 2403 “multi
341 2361 469 2419 praeterea
484 2353 551 2404 bunc
574 2355 658 2406 locum
685 2353 721 2404 ita
800 2351 896 2402 “Deus
908 2351 1021 2402 Verbum
1032 2352 1091 2402 talia
1103 2361 1192 2418 sponte
1208 2353 1295 2404 secisse

187 2433 337 2498 intellegunt
362 2435 430 2500 quod
449 2437 585 2486 secundum
604 2435 719 2486 diuinita-
766 2433 898 2482 uidebatur
918 2433 954 2484 ita
975 2443 1002 2485 ut
1024 2451 1071 2500 pro
1092 2435 1197 2486 aliorum
1217 2436 1296 2487 salute

188 2519 243 2566 tem
259 2531 286 2565 se
304 2516 445 2568 humiliabit
466 2517 719 2583 Christus...sormam
768 2517 1001 2582 praehonorandam
1026 2517 1142 2569 omnibus
1172 2518 1295 2568 existima-

188 2598 265 2658 serui,
279 2597 328 2648 hoc
344 2605 388 2660 est,
402 2606 516 2649 naturam
527 2599 637 2650 hominis
647 2600 719 2651 indu·
767 2606 804 2648 ret
816 2595 1008 2648 humilitatem.”

187 2679 272 2730 eendo
298 2675 655 2747 [induendo?]...semetipsum
678 2699 718 2732 ex·
803 2679 935 2743 “sorntam
958 2685 1042 2728 autem
1068 2678 1145 2740 serui,
1174 2686 1202 2730 ut
1229 2679 1297 2730 dicet

186 2761 306 2811 intersistit
311 2777 324 2823 ,·
345 2763 413 2827 quod
429 2769 490 2836 eret,
510 2762 665 2816 ‘bumilitate
680 2779 718 2816 ce·
768 2761 894 2811 ‘naturam
909 2759 991 2824 serui,'
1003 2761 1138 2812 humanam
1153 2763 1189 2812 sic
1204 2778 1297 2814 uocans

186 2841 292 2894 lauit.'’'
767 2842 907 2894 naturam.”

801 2939 829 2987 rt
854 2934 897 2988 οὖν
918 2925 1028 3001 bertin
1053 2925 1219 3002 ἐκὲΝωεεΝ,
1243 2941 1297 2990 ἀντὶ

767 3023 813 3076 τοῦ
824 3022 867 3076 οὐκ
879 3029 966 3090 ἔδειξεν
981 3027 1142 3089 ἑαυτόν...τὴν
1155 3027 1222 3090 ἀξίαν
1238 3030 1296 3079 ἐκεῖ·

769 3107 967 3176 νηνᾶπέκρυψεν.

601 3264 883 3345 wemma

226 3377 280 3426 “ut
291 3391 377 3426 omnes
387 3375 461 3427 simul
472 3376 601 3429 bominem
615 3379 721 3431 adorent
805 3381 814 3407 ⁴
818 3381 858 3431 ‘ut
870 3397 957 3434 omnes
971 3382 1043 3433 iilum
1060 3383 1299 3449 adorent...propter

187 3473 248 3510 cum
260 3457 346 3509 Verbo
356 3457 539 3524 mmptuffl
770 3463 840 3513 illam
862 3463 1047 3528 copulationem
1070 3479 1146 3530 quem
1167 3465 1243 3516 habet
1265 3465 1298 3514 ad

775 3545 965 3610 Unigenitum.”

606 3698 651 3781 (Ιι)
694 3704 759 3764 Cot
783 3704 801 3764 i.
828 3721 871 3782 15.

228 3815 433 3881 “primogenitus
446 3817 582 3868 secundum
599 3819 720 3885 assumpti
806 3824 854 3872 “et
866 3821 940 3872 alibi:
950 3821 1026 3886 filius
1037 3837 1105 3870 metes
1116 3819 1300 3886 primgenims

187 3897 301 3949 hominis
327 3898 435 3956 sormam
459 3915 511 3949 non
538 3905 650 3966 tempore
675 3901 719 3952 sed
770 3905 857 3963 Israel,
873 3905 922 3954 boc
939 3912 985 3963 est,
1004 3903 1171 3954 ‘honorabilis
1189 3901 1296 3953 mibi'...

187 3981 294 4043 honore,
312 3980 380 4030 iuxta
397 3980 457 4032 iilud
469 3999 476 4031 :
490 3983 569 4048 filius
585 4000 653 4034 naeus
662 3986 720 4049 pri·
771 3989 806 4038 sic
815 3994 839 4036 et
847 3987 897 4036 boc
908 3985 934 4036 in
945 3985 1002 4036 loco
1012 3985 1080 4051 quod
1089 3985 1197 4036 dixerat:
1204 3985 1299 4050 primo·

189 4063 330 4127 mgent'tus
337 4059 442 4114 Israel.”
767 4067 865 4133 genitus
875 4068 948 4118 totius
959 4076 1090 4128 creaturae,
1102 4069 1150 4118 hoc
1159 4075 1204 4128 est,
1214 4067 1299 4133 ‘super

771 4163 872 4198 omnem
883 4154 1021 4199 creaturam
1032 4143 1223 4198 honorabilis.”'

589 4311 626 4392 (ι)
671 4333 682 4372 1
707 4311 786 4373 Tim.
808 4311 848 4373 iii.
875 4333 900 4372 1.

228 4425 284 4478 aad
305 4424 366 4476 boni
387 4424 471 4490 operis
491 4424 641 4476 desiderium
663 4441 720 4476 eum
806 4427 896 4477 “bene
912 4433 972 4491 opus
988 4425 1050 4476 dixit
1069 4432 1094 4477 et
1109 4441 1160 4477 non
1178 4427 1298 4493 ‘dignita'

188 4515 320 4575 prouocat,
332 4523 383 4558 non
394 4509 426 4558 ad
437 4507 584 4558 bonorem.”
773 4506 840 4557 temj
849 4505 863 4528 ’ν

1152 4610 1184 4691 f
1194 4626 1212 4672 2
