3342 5224
260 404 303 466 4²
589 401 816 456 nunononus
837 401 1130 458 uonsussrnuus
1253 389 1466 472 [111.13‚14.

262 593 334 636 esse
350 582 387 636 ut
402 574 585 638 secundum
601 571 709 656 legem
727 574 862 653 uiuant;
884 594 925 638 eo
941 575 1031 656 quod
1048 573 1159 638 locum
1173 571 1327 659 [nullum]
1344 574 1467 640 habere

262 676 445 754 uidebatur,
474 685 654 760 postquam
685 676 749 744 illis
779 698 820 742 ea
857 698 944 760 quae
980 677 1153 760 praedicta
1188 688 1266 744 sunt
1295 678 1367 742 sine
1400 676 1467 743 ulla

261 781 425 846 struxisse
447 781 626 848 uidebatur
640 781 874 847 controuersia.
897 779 1008 864 †nam
1025 791 1058 846 et
1078 782 1164 846 ultra
1185 781 1353 864 superflua
1371 782 1467 846 nobis

263 883 345 967 legis
371 893 421 948 est
445 885 607 951 custodia.
653 883 805 949 debitum
829 885 917 949 enim
941 883 1032 967 quod
1056 883 1242 949 debebatur
1270 884 1336 968 legi
1368 906 1468 969 super

231 987 481 1065 §custodienda
503 987 547 1051 ab
565 986 729 1062 omnihus,
753 987 817 1051 hoc
841 979 993 1054 Christus
1018 987 1177 1070 persoluit
1202 989 1319 1066 nohis;
1351 997 1469 1070 utpote

261 1090 364 1156 homo
388 1091 536 1156 existens
559 1091 743 1155 secundum
770 1091 862 1173 quod
889 1091 1074 1167 uidebatur,
1099 1101 1133 1156 et
1159 1090 1250 1174 quod
1277 1112 1339 1175 pro
1372 1091 1468 1156 nobis

262 1194 416 1277 suscepit.
460 1214 536 1260 cum
563 1195 654 1257 omni
679 1195 803 1260 etenim
830 1195 962 1260 cautela
985 1194 1095 1278 legem
1122 1193 1282 1278 impleuit,
1312 1204 1347 1260 et
1373 1195 1467 1277 quasi

263 1298 433 1379 quaedam
457 1318 518 1381 pro
544 1305 658 1363 nostra
687 1297 918 1380 redemptione
948 1300 1152 1381 adpendens,
1178 1297 1312 1362 redemit
1339 1318 1397 1364 nos
1425 1297 1469 1362 ab

263 1401 333 1466 eius
353 1402 523 1480 seruitute,
540 1410 575 1466 et
594 1422 615 1466 a
639 1402 819 1468 maledicto
837 1402 920 1485 legis
935 1423 1067 1470 securos
1088 1422 1161 1470 esse
1176 1421 1235 1485 per
1255 1402 1368 1470 omnia
1383 1401 1468 1468 iecit.

212 1521 250 1569 10
263 1504 414 1588 qualiter,
430 1505 483 1570 uel
499 1505 697 1588 quomodo?

319 1665 436 1748 factus
449 1675 513 1746 pro
533 1665 624 1729 nobis
645 1663 851 1728 maledictum
862 1663 882 1704 *
900 1663 1066 1747 (scriptum
1081 1675 1130 1729 est
1137 1666 1223 1730 enim
1234 1688 1247 1729 .·
1269 1666 1470 1732 ‘maledictus

262 1769 368 1834 cinnii
392 1768 452 1851 qui
468 1767 588 1849 pendet
610 1767 646 1830 in
669 1766 809 1851 ligeio'),·
831 1777 870 1830 ut
894 1767 930 1832 in
947 1768 1100 1850 gentibus
1125 1768 1296 1834 benedictio
1318 1771 1471 1836 Abrahae

253 1874 352 1959 fieret
374 1873 410 1936 in
434 1870 565 1938 Clm'sto
586 1869 685 1946 Iesu,·
716 1881 755 1934 ut
765 1871 1014 1956 premissionem
1034 1871 1181 1958 Spiritus
1199 1874 1394 1956 accipiamus
1408 1884 1471 1956 per

254 1976 368 2060 fidem.

199 2138 247 2203 *15
329 2111 428 2182 latius
444 2107 602 2176 conuenit
616 2108 726 2175 dicere
741 2107 847 2189 illum,
864 2109 921 2193 qui
938 2080 1153 2175 manifestum
1174 2110 1362 2196 legentibus
1378 2111 1469 2194 cupit

234 2429 236 2436 ⁴
328 2427 438 2499 ἄλλως
452 2456 488 2496 τε
503 2429 558 2496 καί
572 2428 707 2516 περιττὴ
722 2427 840 2496 λοιπὸν
859 2427 974 2512 ἡμΐνὴ
999 2432 1057 2496 τοῦ
1077 2427 1175 2514 νόμου
1195 2428 1337 2512 τήρησις,
1358 2428 1468 2516 φησίν.

264 2531 358 2617 ὂγάρ
373 2530 532 2618 ὠφείλετο
547 2534 592 2620 τῷ
608 2531 693 2618 νόμῳ
714 2532 809 2619 χρέος
828 2535 888 2615 τῆς
912 2535 1059 2620 φυλακῆς
1082 2531 1173 2619 παρὰ
1195 2533 1261 2600 τῶν
1279 2531 1469 2620 ἀνθρώπων,

264 2639 358 2702 τοῦτο
380 2637 398 2701 ὁ
422 2635 569 2723 Χριετόε
593 2633 777 2712 κατέβαλεν
799 2633 882 2722 ὑπὲρ
907 2633 1006 2718 ἡμῶν.
1050 2633 1132 2720 μετὰ
1153 2635 1217 2722 γὰρ
1244 2633 1357 2716 πάσης
1372 2633 1471 2702 αὐτὸν

264 2737 321 2819 τῆς
335 2734 502 2822 ἀκριβείας
521 2735 707 2824 πληρώσας,
729 2735 786 2802 καὶ
809 2735 921 2824 ὥσπερ
944 2737 1017 2803 τινὰ
1040 2736 1145 2824 λύτρα
1168 2736 1367 2816 καταβαλὼν
1390 2734 1470 2824 ὑπὲρ

210 2863 252 2910 20
265 2837 361 2924 ἡμῶν,
385 2841 604 2930 ε’ΞΗτόραεέΝ
629 2867 664 2908 τε
681 2845 771 2908 duic
792 2845 850 2924 τῆς
869 2841 987 2910 ἐκεῖθεν
1009 2841 1163 2921 δουλείας,
1185 2839 1239 2906 καὶ
1260 2842 1317 2923 τῆς
1332 2837 1399 2908 ἀπὸ
1413 2843 1472 2908 τοῦ

265 2941 363 3027 νόμου
386 2944 529 3032 κατάρας
552 2941 752 3030 ἀπήλλαξεν.
785 2947 854 3016 πῶς
877 2943 932 3012 καὶ
952 2943 1015 3013 τίνι,
1040 2943 1169 3034 τρίπῳ;
1195 2951 1366 3023 reudueuoc
1393 2951 1471 3038 ine'p

266 3071 360 3112 ΗΜωΝ
386 3051 505 3134 κατάρα.

318 3272 327 3305 ι
347 3257 384 3306 illi
396 3254 445 3326 (ast
455 3256 547 3318 locum)
559 3257 611 3305 add
622 3255 661 3306 C*
673 3257 722 3306 illis
736 3257 843 3319 C(ccrr)
926 3272 939 3306 ο
956 3256 994 3307 illi
1005 3258 1039 3306 H
1111 3271 1133 3318 ο,
1149 3271 1163 3320 3
1180 3257 1267 3321 ullam,
1278 3259 1471 3309 controversiam

268 3337 308 3386 C*
319 3336 367 3386 H·
490 3355 513 3398 4,
535 3349 548 3400 5
565 3337 627 3402 legis
642 3338 681 3388 θ’
693 3339 728 3388 Η
755 3338 805 3404 legi
822 3353 897 3403 super
913 3337 1089 3387 custodiendae
1104 3337 1207 3402 Chore)
1328 3354 1357 3403 13
1374 3339 1473 3404 spiritus

265 3435 306 3468 om
323 3416 372 3468 H*
465 3416 494 3468 td
505 3417 542 3483 iq.
561 3417 638 3468 Coisl.
660 3417 733 3478 aeci.
749 3419 807 3482 n4h
825 3419 878 3481 [Cr.
900 3417 933 3468 vi.
954 3417 1003 3480 5²]-
1040 3415 1115 3468 dnm
1131 3419 1158 3468 u
1174 3424 1260 3480 pmcn·
1277 3418 1365 3480 mur,
1382 3422 1457 3470 καλ.

302 3611 324 3650 1.
358 3597 459 3663 mquid
471 3597 551 3648 locum
566 3597 667 3648 nullum
681 3597 721 3664 th]
751 3597 847 3648 ihwe
896 3597 1024 3653 Christian
1045 3597 1123 3650 men'
1157 3599 1212 3660 See,
1236 3597 1363 3663 however,
1385 3615 1412 3668 p.
1430 3617 1470 3662 44,

267 3681 388 3730 ventured
409 3687 436 3731 to
457 3681 590 3731 substitute
611 3682 711 3732 nullum
739 3681 777 3732 tor
803 3683 847 3732 the
896 3684 922 3734 ll.
937 3696 962 3746 5,
973 3683 998 3734 6.

268 3764 371 3828 reading
386 3763 415 3813 oi
428 3763 471 3814 the
487 3764 580 3815 Corhie
600 3765 668 3824 MS..
689 3764 771 3814 which
789 3779 848 3830 may
929 3784 954 3827 4.
986 3771 1059 3828 super
1079 3763 1243 3826 maledicenda]
1269 3779 1301 3813 sc.
1320 3763 1376 3828 iege
1394 3779 1415 3813 s.
1433 3779 1470 3814 en.

268 3843 331 3894 have
343 3845 407 3896 been
418 3844 542 3910 imported
559 3846 613 3896 into
629 3846 678 3897 this
695 3845 766 3911 piace
783 3845 846 3896 from
897 3845 1007 3912 Perhaps
1017 3863 1045 3896 ca
1056 3847 1102 3896 hus
1113 3847 1188 3897 fallen
1202 3854 1247 3896 out
1261 3846 1346 3896 before
1357 3846 1396 3902 ab.
1431 3846 1472 3895 On

269 3926 310 3977 the
322 3925 452 3992 following
462 3927 520 3978 line.
559 3927 847 3993 lsilliistobesimply
896 3930 1036 3994 depende,
1047 3928 1164 3980 followed
1181 3929 1268 3994 hythe
1284 3929 1399 3989 abl.‚see
1417 3928 1473 3980 Hil-

268 4009 374 4060 omitted
385 4010 422 4070 (as
433 4009 460 4058 in
470 4009 521 4072 Η),
536 4010 577 4060 the
588 4009 706 4074 meaning
719 4008 771 4059 will
786 4010 847 4060 then
896 4009 1017 4070 debrund,
1031 4009 1108 4076 Aped.
1122 4009 1148 4059 ii.
1165 4024 1219 4075 ¹93·

269 4091 318 4142 bez
335 4091 416 4140 ‘since
433 4090 476 4141 the
491 4090 847 4156 lawhesfaithsullysultilled
932 4107 971 4142 ιι.
1004 4108 1049 4143 scr.
1069 4099 1103 4143 est
1116 4108 1153 4144 a:
1175 4093 1328 4156 maledictus,
1348 4091 1405 4154 &ol
1433 4091 1474 4156 γί-

269 4174 300 4222 its
311 4172 431 4237 promises
442 4172 503 4222 with
514 4171 602 4238 regard
613 4179 640 4222 to
650 4172 693 4222 the
704 4173 805 4237 coming
821 4173 851 4222 os
896 4190 1006 4238 ’γραπται
1021 4171 1079 4237 γάρ·
1097 4175 1270 4238 ἐπικατάρατοτ
1285 4177 1361 4226 κ.τ.λ.
1394 4175 1471 4224 Thdt.

270 4253 363 4312 Christ,
380 4253 399 4302 it
417 4268 475 4316 may
494 4254 526 4304 he
544 4255 669 4320 supposed
686 4253 740 4304 that
757 4253 776 4303 it
796 4253 847 4304 will
897 4255 951 4305 also
962 4255 1036 4308 omits
1047 4253 1092 4308 ὅτι.

269 4337 389 4388 maintain
401 4336 432 4387 its
443 4337 514 4403 place
525 4337 604 4388 under
618 4337 660 4388 the
671 4353 727 4387 new
738 4337 811 4387 order
822 4336 851 4387 of
933 4350 970 4400 ¹3·
1001 4335 1198 4402 peritissimum]
1234 4337 1280 4397 τὴν
1301 4337 1473 4400 tiraq-tettae:

270 4419 370 4484 thingee
387 4419 465 4469 hence
483 4418 525 4470 the
541 4418 604 4470 need
621 4419 651 4470 oi
666 4434 735 4470 some
753 4419 848 4470 further
897 4419 983 4484 vulg..
994 4416 1475 4485 “pollicitationem'’O·L·‚Ambrstr.,

271 4500 346 4564 proos
364 4499 417 4550 that
439 4500 458 4550 it
481 4499 500 4549 is
524 4516 557 4550 no
579 4501 665 4566 longer
686 4501 792 4564 binding
813 4517 846 4550 on
900 4499 1123 4549 “benedictionem
1132 4499 1146 4520 '¹
1159 4499 1298 4560 (εὐλογίαν).
