3332 5210
181 376 387 464 VI.11,12.]
583 393 624 442 ru
649 393 701 444 ur.
724 395 776 444 no
799 395 975 448 cennens.
1328 398 1389 466 107

179 561 255 626 illos
276 567 333 647 qui
353 565 533 629 aestimant
553 564 731 630 indiscrete
752 566 921 631 nocendos
943 587 1016 632 esse
1036 589 1095 632 eos
1115 567 1172 650 qui
1192 575 1271 632 sunt
1292 568 1388 633 nobis

179 669 277 733 alieni
303 691 324 733 a
347 668 422 733 fide.
467 689 552 751 quos
573 669 794 733 conueniebat
815 669 898 733 illud
920 673 1122 754 excogitare,
1138 674 1297 755 quoniam
1321 692 1388 736 non

179 796 280 840 omne
309 773 401 859 quod
430 773 504 855 quis
529 773 599 856 pati
627 773 747 856 dignus
774 773 826 850 sit,
852 773 916 837 hoc
943 783 976 838 et
1003 775 1100 838 nobis
1125 776 1242 840 deceat
1272 775 1389 839 facere.

180 887 384 962 quapropter
398 875 577 960 plurimam
594 898 654 941 nos
671 875 829 941 adhibere
844 880 1000 942 conuenit
1016 879 1235 963 diligentiam.

245 983 404 1065 quoniam
438 1002 517 1044 uero
544 991 578 1044 et
608 980 879 1046 exhortationem
910 982 1167 1060 consummauit,
1193 985 1265 1048 siue
1296 983 1386 1048 illam
1425 998 1440 1067 5

179 1107 265 1172 quae
288 1108 332 1150 ex
356 1087 485 1169 integro
508 1096 559 1149 est
579 1087 650 1148 siue
676 1086 719 1149 de
741 1085 804 1148 illis
825 1086 1007 1168 dequibus
1030 1087 1213 1170 cogebatur
1234 1108 1388 1151 consum·

179 1211 271 1254 mare
286 1188 472 1273 epistolam,
489 1188 649 1270 incipiens
665 1189 786 1252 iterum
802 1189 845 1252 ad
862 1190 987 1273 negotii
1002 1191 1213 1275 propositum
1231 1193 1389 1258 recurrit:

245 1375 350 1438 ru'dete
361 1374 512 1456 qualibus
526 1373 645 1438 litteris
660 1371 750 1437 uubis
763 1373 880 1455 scriusi
894 1395 965 1438 meu
980 1395 1089 1439 manu.

242 1511 426 1596 †inuehere
440 1533 476 1576 se
491 1513 627 1595 cupiens
644 1512 841 1575 aduersariis
857 1512 957 1576 ualde
977 1512 1158 1576 maioribus
1173 1510 1292 1577 litteris
1308 1535 1386 1579 usus

179 1627 238 1695 est,
258 1615 443 1699 designans
476 1615 635 1698 quoniam
663 1634 771 1697 neque
802 1621 935 1678 ueretur
964 1634 1030 1691 eos,
1056 1634 1165 1699 neque
1191 1625 1293 1698 negat
1330 1616 1443 1680 illa10

178 1740 239 1782 sua
254 1739 326 1782 esse
341 1739 427 1800 quae
443 1715 555 1792 dicit*
579 1717 638 1780 sed
663 1725 697 1780 et
718 1714 816 1780 ualde
836 1736 975 1799 arguere
996 1737 1062 1792 eoS,
1079 1719 1107 1780 si
1132 1739 1209 1781 usus
1226 1719 1385 1801 exegerit,

177 1819 341 1883 sufficiens
357 1821 410 1883 sit.
456 1829 593 1903 propter
607 1818 671 1883 hoc
685 1819 830 1902 primurn
847 1819 1027 1888 ostendens
1049 1819 1233 1885 litterarum
1257 1823 1386 1905 magni-

177 1922 329 1986 tudinem
344 1923 465 1988 adicit:

241 2091 428 2174 quicumque
460 2091 573 2155 ruluut
594 2092 721 2174 placere
740 2093 776 2156 iu
797 2112 899 2168 carue,
922 2089 961 2154 lu·
979 2101 1094 2174 cogunt
1115 2113 1172 2156 uus
1191 2091 1385 2174 circumcidi,

177 2205 305 2260 tautum
321 2217 361 2259 ue
372 2196 475 2260 crzuz's
492 2193 618 2262 Chresti
622 2195 872 2278 persecutionem
880 2195 1066 2277 patrentur.
1133 2244 1137 2253 .
1403 2210 1438 2279 15

235 2339 315 2422 '‘qui
343 2337 460 2402 uolunt
484 2337 619 2422 (inquit)
644 2339 826 2402 secundum
850 2347 1061 2420 praesentem
1082 2337 1169 2404 hanc
1192 2339 1296 2403 uitam
1313 2338 1385 2424 pla-

175 2464 250 2507 cere
272 2443 468 2508 aduersariis
491 2442 635 2525 pietatis,
652 2440 703 2525 (ut
718 2441 808 2506 dicat
826 2443 972 2524 Iudaeis)
995 2443 1041 2506 ita
1062 2450 1100 2507 ut
1119 2446 1385 2527 persecutionem

177 2567 243 2610 non
259 2548 429 2631 patiantur
443 2553 579 2629 propter
595 2543 773 2622 Christum,
789 2545 853 2608 ista
869 2543 976 2608 facere
991 2545 1204 2630 adnituntur?
1249 2555 1282 2610 et
1306 2547 1386 2630 quia

176 2649 276 2714 ualde
299 2658 371 2713 erat
394 2668 497 2732 graue
521 2654 559 2711 ut
580 2646 765 2711 infidelium
785 2647 893 2730 gratia
913 2646 996 2712 talia
1016 2648 1172 2725 facerent,
1198 2649 1260 2732 ipsi
1283 2649 1385 2713 simu·

175 2751 283 2816 lantes
308 2773 344 2815 se
367 2752 468 2816 fidem
488 2759 665 2826 tenerent
687 2771 730 2814 ne
751 2749 904 2815 uideatur
925 2772 946 2815 a
966 2772 1002 2816 se
1025 2753 1059 2817 id
1083 2753 1293 2832 confinxisse,
1310 2775 1441 2838 pro-20

176 2865 272 2939 perat
287 2855 482 2921 confirmare
498 2853 581 2919 illud
597 2854 688 2938 quod
706 2855 814 2919 dixit:
864 2922 867 2928 ,

241 3155 373 3234 μέλλων
399 3148 630 3217 καθάπτεσθαι
659 3151 704 3214 ‘ru‘
707 3176 725 3214 ν
754 3147 905 3213 ἐναντίων
933 3143 1017 3229 ἄγαν
1044 3145 1188 3229 μείζοσιν
1217 3143 1384 3236 ἐχρήσατο

174 3254 373 3342 «γράμμασιν,
403 3253 566 3342 ἐμφαίνων
594 3251 644 3318 ὅτι
673 3249 747 3318 οὔτε
781 3249 871 3321 αὐτὸς
907 3248 1037 3338 ἐρυθριᾷ
1066 3247 1139 3315 οὔτε
1168 3246 1313 3334 ἀρνεῖται
1341 3249 1385 3316 τὰ
1444 3260 1446 3266 ’

175 3355 342 3442 λεγόμενα.

226 3550 236 3583 1
255 3534 396 3584 existimant
407 3534 439 3582 H
612 3547 625 3580 2
645 3531 700 3580 illos
713 3529 767 3595 (ast.
781 3530 866 3591 conu.)
879 3527 931 3577 add
942 3526 1012 3577 C⁴H
1188 3539 1203 3589 3
1219 3541 1265 3576 nos
1277 3526 1299 3576 C
1309 3523 1382 3590 (corr)

175 3629 325 3678 5ueroum
346 3617 367 3664 C
385 3613 457 3678 (corr)
568 3629 597 3665 ro
613 3619 704 3676 negant
718 3610 774 3661 C*
858 3626 888 3672 14
904 3625 947 3659 eos
959 3607 1133 3673 (soruoslc'
1243 3608 1383 3658 uoidase

175 3698 208 3746 ΙΙ
218 3695 223 3762 l
237 3697 327 3746 confir.
342 3698 366 3747 C
379 3695 498 3757 [confinx.
510 3695 595 3744 corrue.
607 3693 692 3754 Pitra]
790 3707 821 3742 aa
839 3691 916 3741 Coisl.
930 3707 985 3753 204,
999 3688 1017 3740 f.
1033 3690 1089 3754 44b
1100 3689 1154 3752 [Cr.
1166 3689 1200 3738 vi.
1212 3704 1253 3754 90,
1267 3689 1308 3740 Fr.
1326 3688 1383 3754 129]

175 3781 299 3840 θεαθώρον.
333 3775 411 3828 ἄλλος
421 3779 448 3826 δέ
459 3778 543 3840 paulu·
554 3777 658 3835 μέλλων,
670 3775 747 3824 unul.

207 3955 230 4002 9.
273 3939 346 3988 ualde
364 3938 497 3988 maurium
515 3936 610 3997 luteris]
644 3935 686 3986 On
709 3935 753 3985 the
801 3931 835 3994 uri
845 3930 946 3995 ’γράφων
959 3933 992 3982 εἰς
1002 3928 1098 3982 nemu.
1116 3930 1172 3980 The
1182 3929 1382 3982 latterwasalso

174 4021 248 4070 other
258 4019 325 4069 hand
338 4020 440 4083 Chrys:
457 4013 485 4067 τὸ
503 4019 526 4068 δὲ
546 4017 683 4078 ‘culleus'
701 4018 752 4076 duel
802 4013 845 4063 the
872 4011 936 4061 view
958 4011 1017 4061 held
1037 4011 1070 4074 by
1090 4011 1213 4060 Eusebius
1237 4009 1266 4059 ol
1285 4012 1379 4073 umisa,

174 4104 241 4152 δοκεῖ
251 4105 277 4152 οὐ
289 4102 316 4151 rd
326 4103 427 4162 μέγεθος
438 4097 506 4150 ἀλλὰ
516 4097 560 4159 τὴν
571 4099 691 4162 ἀμορφίαν
706 4095 754 4146 τᾶν
802 4094 936 4157 according
962 4099 988 4142 to
1015 4092 1057 4142 the
1085 4092 1181 4157 margin
1204 4092 1233 4142 ol
1257 4093 1382 4146 ersmers

173 4183 325 4248 γραμμάτων
335 4185 455 4243 &poclm
465 4185 552 4242 λέγειν.
587 4182 664 4230 Τ1ι(11.
677 4189 752 4231 states
803 4177 898 4227 Cateua
910 4177 952 4237 [vi.
967 4175 1019 4240 90].

173 4267 237 4316 both
249 4266 333 4322 news,
345 4265 390 4314 but
401 4264 505 4313 inclines
516 4271 542 4312 to
554 4261 753 4326 Chrysostom's:
839 4275 876 4310 ro.
911 4275 985 4323 neque
996 4257 1148 4318 ueretureos]
1171 4256 1300 4320 Pelagius:
1319 4257 1382 4306 “in-

174 4339 753 4404 ro'ut‘rnllrorsypduuaurr'wtsuiupeud-
804 4341 908 4406 telligite
928 4340 995 4404 quod
1015 4355 1067 4388 uon
1089 4339 1199 4400 timeam,
1221 4339 1264 4404 qui
1286 4339 1381 4392 litteras

173 4427 495 4486 xormutsttuauxou
511 4421 669 4485 ἡρμήνενναν.
703 4424 754 4486 ἐγὼ
804 4439 880 4474 manu
891 4437 947 4472 mea
958 4436 1037 4486 nuper
1048 4419 1161 4486 scripsi.'’

173 4513 224 4574 γὰρ
235 4507 329 4572 (paulu)
346 4511 446 4572 ἔγραψα
464 4503 509 4567 τὴν
526 4503 659 4566 ἐπιστολὴν
676 4506 755 4554 καίτοι
