3292 5206
146 405 213 471 111.
230 406 274 492 2.]
505 422 548 474 ττι
572 423 625 474 nr.
648 421 701 478 nn
723 421 996 476 rumrrrsnsss
1289 429 1348 494 231

210 596 311 668 †hinc
331 595 447 681 incipit
469 596 543 662 illos
568 595 810 681 reprehendere
830 597 886 681 qui
909 606 1005 663 erant
1026 618 1070 664 ex
1093 598 1350 678 circumcisione,

144 694 200 777 qui
215 699 355 762 suadere
370 699 435 763 illis
456 701 670 776 conabantur,
686 709 723 764 ut
741 701 924 765 secundum
940 700 1049 786 legem
1065 700 1225 768 uiuerent.
1271 723 1350 767 nam

144 798 234 878 quod
259 799 348 865 dixit
373 802 449 866 haec
472 803 582 868 eadem
602 803 744 880 scribere,
768 824 835 868 non
859 804 938 886 quia
961 804 1028 867 iam
1052 806 1227 888 scripserat
1248 806 1350 885 dicit;

143 901 237 968 nullo
252 905 341 969 enim
358 905 392 969 in
407 906 481 971 loco
502 906 535 970 in
556 908 699 991 epistola
717 908 751 971 id
773 907 906 972 uidetur
924 908 1060 987 dixisse,
1077 909 1216 974 alteram
1237 921 1348 975 autem

144 1007 281 1086 quando
310 1007 441 1090 scripsit
470 1006 514 1072 ad
541 1030 600 1074 eos
626 1009 804 1093 epistolam
834 1009 1032 1074 nullomodo
1058 1011 1245 1078 didicimus.
1264 1095 1268 1103 Ι
1289 1014 1348 1078 sed
1387 1030 1402 1097 5

144 1107 222 1189 quia
238 1108 397 1176 docuerat
416 1131 474 1175 eos
492 1111 732 1176 instantissime
748 1111 856 1176 dehis
877 1111 957 1195 ipsis
977 1113 1121 1196 negotiis
1142 1114 1278 1197 quando
1292 1113 1351 1179 illo

144 1206 261 1291 suerat,
287 1210 352 1276 hoc
381 1212 462 1278 dicit
496 1213 655 1296 quoniam
683 1213 784 1279 ‘mihi
814 1215 857 1278 de
887 1215 1009 1298 quibus
1038 1214 1226 1299 frequenter
1254 1216 1350 1281 uobis

144 1310 274 1376 locutus
298 1334 382 1392 sum,
407 1315 450 1380 de
468 1315 533 1379 illis
555 1317 635 1399 ipsis
659 1317 801 1382 scribere
824 1317 1003 1401 impigrum
1026 1328 1086 1395 est,
1108 1339 1148 1382 eo
1173 1319 1262 1401 quod
1288 1319 1352 1384 sre-

143 1435 249 1497 quens
265 1417 480 1482 commonitio
496 1420 660 1484 cautelam
682 1420 778 1484 uobis
793 1420 990 1503 ampliorem
1006 1420 1164 1504 praebere
1179 1420 1350 1488 uideturl*

143 1537 229 1599 quae
245 1529 322 1584 sunt
337 1541 417 1606 ergo
432 1521 520 1586 ista?
1367 1553 1406 1601 ιο

209 1669 314 1736 uidete
326 1693 425 1752 canes,
442 1674 547 1739 uidete
560 1675 663 1740 malos
675 1673 843 1758 operarios.

209 1796 333 1881 Ιῆιαιιιο
353 1803 486 1867 uocauit
501 1823 567 1878 eos,
584 1824 625 1867 eo
643 1804 733 1885 quod
750 1801 875 1866 nullam
891 1800 1018 1866 habent
1032 1803 1274 1880 uerecundiam,
1291 1802 1350 1866 sed

209 2007 353 2073 ἐντεῦθεν
375 2005 512 2098 άρχεται
540 2013 605 2074 τῶν
634 2009 671 2075 εἰι
699 2009 876 2097 περιτομῆς
898 2005 1140 2086 καθάπτεσθαι,
1170 2005 1204 2073 οἳ
1227 2006 1351 2075 πείθειν

143 2107 454 2196 αὖτοθςέπιιρῶντο
473 2109 558 2177 ιιατὰ
571 2109 668 2195 νόμον
684 2113 746 2198 ζῇν.
790 2109 829 2178 τὸ
848 2113 887 2177 τά
906 2111 983 2187 uitri
998 2114 1124 2198 τράφειν
1145 2107 1209 2201 οὐχ
1231 2109 1274 2183 ὥς
1296 2111 1351 2178 καὶ

143 2207 204 2292 ἤδη
218 2210 355 2298 γράψας
368 2215 466 2296 λέγει,
482 2212 626 2296 οὐδαμοῦ
639 2213 702 2299 γὰρ
717 2217 775 2296 τῆς
790 2212 971 2294 ἐπιστολῆς
987 2212 1138 2298 φαίνεται
1153 2213 1230 2301 περὶ
1245 2211 1351 2280 αὐτῶν
1368 2233 1403 2300 15

143 2312 252 2394 εἰπάν,
269 2313 380 2400 ἑτέραν
394 2313 429 2380 δὲ
444 2313 495 2382 δτι
513 2317 717 2404 γεγράφηιιεν
739 2315 822 2403 πρὸς
837 2314 954 2388 αὐτοὺς
974 2314 1158 2398 ἐπιστολὴν
1173 2315 1352 2396 οὐδαμόθεν

143 2415 312 2500 ἐμάθομεν·
327 2415 404 2483 ἀλλ’
421 2415 462 2490 ὥς
484 2417 670 2508 διαλεχθεὶς
684 2417 797 2490 αὐτοῖς
811 2416 926 2485 πολλά
944 2417 1019 2506 περὶ
1033 2417 1154 2484 τούτων
1171 2416 1227 2485 ὅτε
1242 2419 1352 2506 παρῆν

142 2525 240 2587 τοῦτο
261 2519 359 2606 λέγει,
375 2519 427 2588 δτι
448 2523 535 2608 ’ἐμοὶ
550 2525 626 2610 περὶ
641 2522 685 2590 ὧν
699 2521 777 2609 ὑμῖν
792 2523 974 2613 διελέχθην,
989 2523 1065 2608 περὶ
1085 2525 1150 2590 τιὸν
1171 2521 1280 2590 αὐτῶν
1295 2524 1352 2589 καὶ

141 2622 279 2710 γράφειν
290 2625 380 2695 ὄκνος
394 2623 507 2707 οὐδεὶς,
523 2624 698 2711 ἐπειδήπερ
714 2623 902 2712 ἀσφάλειαν
922 2623 1026 2708 ὑμΐνῆ
1042 2623 1198 2714 συνέχεια
1212 2624 1352 2714 παρέχει

143 2730 208 2794 τῶν
243 2726 413 2817 ῥημάτων]
458 2733 550 2806 niune
586 2729 620 2795 δέ
661 2727 778 2802 αὐτοὺς
814 2734 914 2796 καλεῖ
948 2729 989 2800 ὥς
1019 2727 1256 2818 ἀναισχύντους
1293 2728 1352 2795 καὶ
1364 2745 1407 2793 20

195 2923 272 2974 13sq.
292 2909 370 2960 Coisl.
388 2924 445 2974 τοι,
462 2910 479 2960 f.
499 2909 755 2974 1²8b[Cr.vi.n68,
771 2911 813 2960 Fr.
828 2911 893 2976 1391·
928 2891 1048 2973 θεέδωροέ.
1085 2907 1161 2960 ἄλλοι
1178 2909 1298 2970 diduco·
1315 2911 1350 2960 έν-

142 2992 233 3049 τεῦθεν,
246 2993 321 3041 κ.τ.λ.
412 3008 442 3055 14
458 2989 494 3055 τῆ
504 2991 607 3057 (serm)
618 2993 674 3043 cod.
690 2993 749 3042 edd.

146 3133 294 3196 ...ἀσφαλέα
328 3133 722 3197 Vulg.,rronpr‡prum...necessa·
774 3133 896 3182 “Eadem
911 3132 980 3192 dicit,
995 3134 1054 3197 quia
1070 3132 1102 3182 de
1118 3130 1158 3181 his
1174 3131 1292 3182 docuerat
1308 3147 1352 3182 eos

143 3216 219 3265 rium.
262 3215 302 3264 Cs.
322 3215 459 3266 Ambrstr.:
484 3217 615 3281 “impiger
633 3225 671 3266 est
688 3219 722 3267 ad
772 3213 874 3279 quando
884 3213 953 3277 apud
964 3229 1008 3263 eos
1019 3209 1126 3262 sueret.”

142 3297 299 3348 scribendum
311 3297 348 3348 eis
359 3313 422 3363 quse
433 3298 571 3348 necessaria
581 3309 639 3349 sunt
655 3300 721 3350 utili·
808 3309 846 3344 ιτ.
879 3310 1020 3343 εαιιιι...εα
1045 3293 1114 3359 quod
1136 3291 1235 3342 nullam
1263 3293 1353 3343 hadent

142 3378 189 3428 tati
202 3377 330 3428 illorum.”
458 3371 459 3374 Ἴ
581 3439 583 3442 ¹
771 3377 859 3440 neren]
889 3379 925 3429 So
936 3377 1026 3426 Thdt.:
1043 3375 1351 3435 έδιοντῶνκννῶνὴάνοέ-

177 3474 198 3508 1.
227 3458 650 3524 hincina'pirrepreherrdere,&c.]
673 3461 721 3512 See
771 3461 830 3510 δεια.
866 3459 1041 3519 έπειδὴτοέννν
1055 3459 1198 3507 πολλάκις
1215 3459 1350 3520 διελεγχ-

141 3553 193 3604 arg.
207 3541 241 3602 (p.
258 3539 311 3606 198,
323 3538 341 3588 l.
355 3554 378 3600 ο,
392 3540 451 3604 sq.).
771 3541 869 3590 θέντες
889 3538 953 3589 orirer
972 3539 1003 3588 ὡς
1026 3539 1103 3587 κακῶς
1125 3538 1154 3587 rh
1172 3539 1284 3599 κήρυγμα
1301 3539 1351 3588 δια·

176 3635 199 3685 3.
232 3637 283 3672 non
302 3623 362 3687 quia
378 3623 430 3672 iam
446 3623 545 3687 seniis]
576 3624 724 3676 'I’heodoret
770 3621 908 3683 φθείροντες
924 3619 1063 3676 ἐπέμενον
1080 3619 1118 3680 τῇ
1136 3619 1286 3679 μοχθηρίᾳ
1307 3620 1351 3679 τῆς

141 3702 239 3753 follows
250 3704 299 3754 Th.
311 3705 338 3754 in
349 3704 469 3770 rejecting
486 3707 527 3755 the
538 3705 684 3771 hypothesis
696 3706 725 3756 oi
770 3701 875 3764 γνώμης,
888 3701 985 3749 οἰκέτιν*
999 3699 1083 3749 αὐτοὺς
1099 3698 1295 3762 προσηγόρευσεν
1310 3701 1349 3747 κύ·

142 3798 158 3832 n
174 3784 223 3833 lost
239 3784 319 3842 letter,
333 3786 378 3835 but
395 3787 495 3850 regards
511 3788 545 3836 rt
560 3787 623 3836 αὑτά
639 3803 667 3836 as
683 3803 721 3837 re.
770 3799 821 3834 νας.
855 3783 899 3832 He
910 3781 980 3842 adds,
995 3781 1119 3840 however,
1133 3781 1176 3830 the
1189 3781 1350 3846 explanation

141 3862 235 3926 ferring
245 3871 272 3913 to
283 3865 326 3914 the
342 3866 431 3915 earlier
447 3874 502 3931 part
519 3867 549 3916 oi
562 3867 605 3918 the
621 3875 722 3932 present
769 3863 852 3914 which
873 3863 961 3927 Chrys.
980 3862 1032 3912 had
1050 3862 1185 3912 combined
1205 3862 1267 3912 with
1285 3863 1349 3913 this:

144 3944 257 4008 Epistle:
277 3949 320 3994 οὐκ
335 3949 415 4006 ἄλλην
432 3950 512 3997 αὐτοῖς
529 3951 662 4010 ἐπιστολὴν
678 3949 720 4012 γέ·
769 3947 842 3993 τοῦτο
852 3945 931 3993 πάλαι
942 3945 991 3992 τῶν
1004 3943 1077 3991 έθνῶν
1087 3938 1118 4002 ἦν
1132 3943 1162 3991 τὸ
1178 3942 1351 4002 dvorte...de

141 4031 244 4088 γραφέν,
259 4024 312 4075 ἀλλ’
327 4029 352 4076 έν
363 4031 440 4090 ταύτῃ
451 4031 545 4079 πολλὰν
557 4033 721 4093 οὐτοΐιτροσ·
769 4027 860 4090 μετέβη
876 4027 940 4086 μετά
958 4025 1006 4074 τῶν
1024 4025 1175 4086 τραγμέΜ
1191 4027 1231 4074 1⁶2
1251 4026 1283 4074 τὰ
1300 4022 1350 4076 ὄνό-

142 4107 400 4170 ήνεγκενεέαιηήσιιε.
439 4109 512 4160 Th.'s
522 4111 682 4176 explanation
699 4112 721 4162 is
769 4125 845 4168 ματα.
883 4109 1009 4157 Ambrstr.
1028 4107 1156 4168 (followed
1172 4107 1206 4171 by
1224 4109 1348 4173 Pelagius)

141 4187 215 4252 given
237 4188 271 4252 by
290 4188 405 4254 Pelagius
424 4191 553 4251 (followed
575 4192 610 4257 by
632 4194 720 4244 Sedul.
770 4189 940 4240 findsathird
951 4189 1023 4254 point
1034 4188 1063 4238 of
1075 4188 1199 4238 likeness:
1218 4189 1349 4254 “primum

142 4271 239 4333 Scot.):
261 4272 373 4322 “eadem
384 4281 497 4338 repetere
507 4287 571 4338 quae
583 4275 633 4324 iam
649 4291 720 4341 prae·
769 4273 936 4333 oblatrant,
956 4271 1047 4321 dehinc
1064 4286 1163 4321 morsu
1179 4286 1270 4321 saeuo
1282 4271 1349 4321 male

113 4357 117 4366 ⁴
140 4351 330 4402 eensdixerat.”
769 4363 903 4421 operantur
911 4355 937 4404 in
945 4350 1072 4404 carnem.”
1103 4350 1176 4402 Th.'s
1187 4353 1348 4418 explanation

174 4445 188 4496 5
205 4433 480 4500 quando]=quoniom;
497 4451 538 4488 see
550 4437 601 4488 Gk.
768 4437 790 4488 is
801 4437 867 4487 cited
882 4437 963 4486 under
981 4436 1023 4486 the
1039 4451 1113 4486 name
1130 4434 1159 4486 ol
1173 4434 1299 4486 Ambrose
1314 4436 1350 4502 by

174 4514 197 4565 6.
230 4517 290 4582 quia
306 4518 544 4586 docueratfiaerat]
581 4519 719 4571 lanfranc:
770 4519 905 4570 Leniranc.
