3332 5210
285 375 325 454 58
617 387 845 441 THEODORUS
868 387 1159 442 MOPSUESTENUS

1279 375 1356 460 [ΙΙΙ.
1374 389 1423 458 27,
1441 377 1490 440 28.

340 557 427 639 'quia
452 559 531 642 ergo
555 560 738 623 secundum
760 560 903 624 formam
922 580 982 643 per
1000 559 1170 643 baptisma
1190 561 1224 625 in
1241 561 1304 626 illis
1320 564 1489 638 efficimur,

283 655 349 723 hoc
371 659 473 726 dicit*
496 663 654 744 quoniam
677 663 713 726 in
738 662 866 728 Christo
889 663 1053 746 baptizati,
1070 664 1180 728 induti
1196 665 1273 730 estis
1298 665 1490 732 Christum:

281 759 346 824 hoc
362 771 421 839 est,
438 764 633 846 ‘participes
656 765 736 828 estis
758 765 867 828 effecti
887 765 1073 830 inmortalis
1092 767 1161 830 eius
1179 776 1339 846 naturae;
1363 778 1399 832 ut
1425 767 1489 832 hoc

285 864 465 929 uideamini
489 870 674 933 existentes
698 868 789 952 quod
813 868 868 932 ille
895 878 945 932 est
968 877 1045 951 post
1070 871 1353 947 resurrectionem,
1380 873 1427 936 ita
1452 881 1488 946 ut

250 965 435 1045 5Christus
462 970 496 1032 in
522 971 677 1034 omnibus
704 971 799 1035 uobis
827 972 987 1049 uideatur,
1016 972 1108 1036 nulla
1138 973 1171 1036 in
1203 973 1299 1037 uobis
1324 975 1396 1038 uisa
1421 975 1488 1038 dis·

281 1071 446 1138 cretione.¹
492 1075 521 1137 si
542 1075 643 1157 igitur
663 1086 697 1140 et
718 1096 802 1138 unus
821 1095 938 1139 omnes
957 1076 1111 1139 homines
1133 1097 1257 1154 sumus,
1274 1086 1376 1159 caput
1391 1079 1487 1141 nobis

281 1175 506 1240 adscribentes
535 1175 713 1254 Christum,
733 1186 767 1240 et
791 1178 824 1240 in
852 1198 918 1242 uno
943 1179 1091 1260 quodam
1119 1178 1168 1261 (ut
1192 1178 1243 1244 ias
1261 1179 1325 1264 est)
1350 1201 1486 1262 corpore

280 1282 503 1345 consummati
533 1280 711 1359 habemur3
749 1281 846 1344 sicuti
875 1290 909 1344 et
939 1281 1019 1345 alibi
1049 1282 1144 1346 dicit:
1184 1303 1241 1346 uos
1269 1283 1346 1346 estis
1375 1284 1487 1366 carpus

282 1377 409 1443 Clzrzhti
428 1391 459 1444 et
478 1381 620 1446 membra
635 1383 675 1446 de
689 1383 837 1446 νιοιυθνο.
883 1393 918 1446 et
935 1382 1014 1447 alibi
1031 1365 1218 1448 euidentius
1233 1384 1485 1449 similitudinem

142 1471 147 1481 ’
224 1501 266 1556 ιιο
279 1505 381 1566 quam
397 1484 594 1551 habebimus
608 1486 662 1551 ad
681 1507 758 1551 eum
780 1485 981 1570 significans
998 1487 1098 1551 dicit:
1123 1487 1276 1569 quamam
1297 1509 1375 1570 quos
1387 1499 1485 1571 prae·

276 1586 383 1666 sciuit,
392 1589 646 1669 praeordinauit
657 1588 835 1670 conformes
845 1587 930 1672 fieri
944 1588 1104 1671 imaginis
1117 1588 1203 1652 Filii
1215 1589 1277 1653 sui.
1316 1591 1441 1654 etenim
1457 1591 1484 1654 si

277 1687 420 1755 multum
442 1691 596 1754 omnibus
618 1691 713 1755 nobis
734 1689 914 1774 praecellit,
932 1701 966 1755 et
988 1690 1098 1755 differt
1120 1691 1248 1756 honore
1270 1701 1304 1756 et
1319 1692 1484 1776 dignitate

279 1789 331 1873 (eo
361 1793 452 1874 quod
483 1792 527 1860 ab
557 1794 713 1859 omnibus
748 1791 972 1874 adorabitur);
1009 1794 1068 1857 sed
1099 1795 1283 1858 secundum
1318 1795 1482 1858 rationem

275 1895 522 1959 resurrectionis
545 1904 580 1960 et
600 1896 858 1973 inmortalitatis,
873 1915 934 1979 per
953 1896 1095 1979 gratiam
1117 1907 1152 1961 et
1172 1915 1233 1960 nos
1252 1897 1295 1960 ad
1319 1916 1396 1960 eum
1412 1917 1482 1960 sus-

222 2017 257 2083 15
275 1999 415 2080 cipimus
431 1998 693 2064 similitudinem.

337 2277 447 2359 ἐττειδῆ
476 2277 584 2344 τοίνυν
613 2275 696 2343 κατὰ
724 2275 825 2344 τύπον
854 2275 908 2344 διὰ
935 2281 994 2345 τοῦ
1021 2277 1255 2362 βαπτίσματος
1284 2278 1318 2346 έν
1347 2278 1479 2350 ἐκείνοις

270 2378 433 2464 «γινόμεθα,
448 2384 543 2447 τοῦτο
557 2378 654 2464 λέγει.

320 2565 333 2598 τ
352 2549 410 2598 estis
422 2549 501 2599 induti
512 2549 547 2598 H

645 2577 647 2582 -
656 2562 670 2611 3
688 2547 829 2613 participati
839 2545 886 2612 [τι
901 2547 1026 2598 inmortali
1037 2549 1072 2597 rr

1190 2559 1203 2611 5
1219 2547 1271 2596 uid.
1285 2547 1357 2597 uobis
1368 2547 1399 2596 H
1412 2545 1416 2612 Ι
1429 2547 1479 2597 dis-

269 2631 406 2682 cretionem
420 2630 458 2681 C*
508 2631 673 2681 discretusH
766 2630 965 2681 8habemusH
1060 2645 1088 2694 ¹3
1106 2645 1132 2680 se
1146 2629 1204 2694 (for
1213 2629 1315 2692 sed)H

302 2795 327 2828 α.
350 2778 434 2828 induti
447 2778 503 2828 estis
523 2777 595 2842 can]
629 2777 701 2826 With
716 2778 758 2827 the
774 2779 848 2827 inter·

269 2861 392 2925 pretation
408 2861 468 2910 here
483 2860 566 2924 given,
583 2860 616 2909 cf.
634 2859 706 2909 Th.'s
722 2867 848 2909 comment

268 2958 302 2991 on
312 2942 385 2993 Rom
401 2942 453 2991 xiii.
467 2957 508 3004 14:
526 2941 554 2989 τὸ
567 2941 728 2990 ἐνδύσασθε
738 2937 791 2988 ivri
803 2939 848 2990 τοῦ

268 3025 445 3073 ἐνεδύσασθε
467 3024 544 3085 λέγει·
568 3025 684 3085 βούλεται
705 3023 754 3083 γὰρ
774 3023 848 3070 εἰπεῖν

267 3105 306 3154 ὅτι
323 3107 362 3154 tu
377 3104 420 3164 τῆς
436 3103 615 3168 θναγεννῆσεως
626 3108 668 3154 τοῦ
678 3105 848 3167 βαπτίσματος

269 3187 430 3246 συναφθέντος
445 3187 482 3246 τῷ
495 3186 595 3246 Χριστῷ
610 3187 649 3234 καί
664 3187 735 3246 μέλος
746 3188 789 3234 τοῦ
800 3202 846 3234 κοι-

267 3270 307 3317 νοῦ
325 3270 435 3328 σώματος
452 3268 494 3328 τῆς
512 3266 639 3328 ἐκκλησίας
659 3267 847 3329 θποφανθέιτες,

266 3347 340 3413 οὗπερ
357 3348 445 3400 έκεῖνὸς
462 3347 528 3399 ἐστιν
548 3346 651 3412 κεφαλή,
672 3349 752 3414 ὥσπερ
770 3346 845 3400 ἔνεῦῦ-

266 3433 345 3480 σασθε
359 3432 431 3480 αῦτὸν
448 3429 482 3491 τῇ
495 3431 601 3492 κοινωνίᾳ
616 3431 664 3478 τιῦν
680 3431 846 3492 προσδοκωμέ-

266 3529 319 3570 νιιν,
351 3513 411 3560 καθὸ
441 3513 481 3560 καί
506 3513 689 3574 συμμετασχεῖν
710 3511 775 3573 adrui
803 3511 846 3572 τῆς

265 3589 421 3642 ἀναστάσεως
432 3589 553 3656 ἐλπίζετε.

298 3690 322 3739 9.
347 3675 455 3723 membra
471 3675 500 3723 de
515 3672 630 3736 nembro]
663 3675 727 3735 μέλη
748 3673 776 3724 έκ
797 3675 844 3734 μέ·

265 3757 332 3804 λους
344 3756 366 3817 (1
382 3755 440 3804 Cor.
452 3755 495 3804 xii.
508 3757 558 3818 τη).
592 3756 663 3806 Th's
675 3762 800 3806 comment
811 3771 845 3804 on

266 3837 308 3885 the
320 3851 423 3900 passage
435 3835 470 3884 is:
488 3833 556 3895 τάξιν
572 3835 675 3897 έπέχετε
692 3835 801 3894 σώματος
817 3831 845 3883 ἐκ

264 3914 386 3978 διαφέρων
409 3919 567 3979 συγκειμένου
584 3918 671 3977 μελῶν,
692 3915 725 3979 τῇ
747 3915 844 3978 θυνιίμει

265 4005 308 4051 τοῦ
323 4004 458 4060 πνεύματος
471 4003 504 4052 είς
519 4000 565 4061 τήν
580 4003 623 4050 τοῦ
640 4003 781 4050 δεσποτικοῦ
797 4001 843 4050 σώ-

263 4103 339 4145 ματος
353 4083 517 4136 καταστάντες
528 4083 663 4146 σννέιρειαν.
696 4084 758 4133 This
769 4084 843 4134 looks

263 4185 291 4218 ns
308 4168 330 4217 if
342 4169 392 4218 Th.
410 4168 460 4217 had
478 4169 536 4218 read
554 4165 581 4216 ἐκ
593 4167 685 4228 μέρους,
697 4165 779 4215 which
792 4182 842 4216 was

263 4250 383 4314 certainly
394 4250 436 4300 the
448 4251 551 4313 reading
562 4248 591 4298 οἱ
601 4248 690 4313 Chrys.
703 4248 751 4297 and
763 4249 841 4299 Thdt.

264 4333 387 4398 (adal).
406 4335 461 4384 The
470 4333 601 4383 translator
609 4333 706 4382 follows
715 4333 757 4382 the
764 4333 842 4397 Vulg.

262 4417 312 4464 and
325 4416 399 4465 Latin
411 4415 563 4464 authorities.

298 4509 335 4546 ro.
353 4497 472 4560 qvoniam
483 4511 541 4560 qvos
547 4495 690 4560 praescivit,
699 4496 755 4558 διο]
765 4497 840 4546 Rom.

900 2793 953 2827 vur.
967 2791 1007 2842 29·

936 2873 972 2907 ιτ.
997 2859 1104 2908 multmn
1146 2856 1286 2923 praecellit]
1318 2858 1366 2909 See
1378 2857 1478 2922 Bensly,

900 2939 1012 3002 Μυσίης
1022 2939 1165 3004 Fragment,
1185 2955 1227 3004 pp.
1245 2940 1274 2991 62
1288 2955 1323 2999 n,
1339 2942 1379 3000 87.
1423 2940 1479 2990 The

898 3037 958 3085 very
980 3023 1109 3072 measured
1131 3023 1255 3087 language
1276 3023 1302 3071 in
1324 3021 1407 3072 which
1429 3023 1478 3072 Th.

898 3103 958 3154 here
969 3113 1058 3154 asserts
1074 3105 1117 3153 the
1133 3105 1282 3168 superiority
1297 3104 1327 3154 ol
1340 3103 1395 3154 Our
1411 3104 1479 3154 Lord

899 3187 957 3236 isto
968 3187 1000 3238 be
1011 3187 1165 3237 understood
1176 3203 1204 3236 as
1214 3187 1308 3250 having
1318 3185 1441 3236 reference
1452 3193 1479 3236 to

898 3269 941 3318 the
961 3270 1065 3318 Human
1085 3269 1197 3327 Nature;
1221 3268 1251 3319 cf.
1274 3269 1314 3318 his
1332 3282 1424 3317 comm.
1444 3283 1478 3317 on

899 3349 985 3400 Coti.
1001 3365 1037 3414 15.

932 3447 969 3495 13.
1001 3432 1033 3480 ab
1053 3431 1166 3481 omnum
1187 3430 1341 3492 αθυνιιθίίιιν]
1368 3431 1410 3480 ι’.ε.
1434 3430 1477 3481 the

896 3512 967 3564 hamo
977 3521 1097 3577 susceptus
1112 3513 1165 3564 will
1181 3513 1276 3562 receive
1292 3511 1416 3563 universal
1432 3511 1477 3564 ho-

897 3611 979 3659 mage.
1011 3595 1050 3645 Cs.
1066 3595 1108 3645 the
1119 3595 1284 3645 Theodorean
1300 3594 1405 3644 ecthesis
1418 3611 1476 3645 con·

897 3678 1004 3727 demned
1041 3683 1067 3726 at
1098 3675 1213 3740 Ephesus
1244 3675 1349 3740 (Migne,
1386 3675 1476 3740 1017):
1540 3695 1543 3700 ·

897 3754 942 3816 τὴν
953 3757 1020 3818 παρὰ
1035 3755 1112 3816 πάσης
1125 3755 1168 3816 τῆς
1183 3756 1281 3806 κτίσεως
1293 3757 1390 3818 δέχεται
1402 3773 1476 3820 προσ·

897 3839 1000 3898 κίνησιν,
1014 3837 1045 3886 ὡς
1057 3835 1192 3898 ἀχώριστον
1203 3837 1261 3899 πρὸς
1272 3833 1316 3896 τὴν
1328 3837 1393 3886 θείαν
1405 3839 1477 3898 φύσιν

897 3923 961 3983 ἔχων
982 3916 1028 3980 τὴν
1053 3919 1190 3981 συνθφειαν,
1217 3917 1329 3984 ἀναφορᾷ
1355 3921 1409 3970 θεοῦ
1436 3925 1476 3973 καί

896 4001 973 4064 έννοία
988 4001 1070 4064 πάσης
1086 4002 1152 4052 αῦτιῦ
1166 4001 1209 4063 τῆς
1225 4005 1322 4053 κτίσεως
1338 4001 1385 4064 τὴν
1402 4020 1475 4067 προσ·

897 4088 994 4146 κύνησιν
1009 4084 1188 4146 α’πονεμοῦσηςι
1205 4087 1255 4135 and
1269 4102 1310 4136 see
1326 4087 1368 4136 the
1385 4101 1475 4136 comm.

896 4183 930 4218 on
948 4167 1013 4218 Phil.
1030 4167 1056 4217 ii.
1078 4180 1116 4225 10,
1136 4180 1179 4218 rr:
1199 4167 1272 4218 “hoc
1288 4168 1355 4218 enim
1375 4167 1411 4217 illi
1430 4168 1474 4217 do·

896 4247 966 4297 nauit
977 4254 1005 4298 ut
1015 4263 1102 4297 omnes
1110 4245 1181 4297 illum
1189 4246 1302 4307 adorent,
1313 4254 1338 4296 et
1349 4253 1376 4295 ut
1387 4261 1475 4296 omnes

897 4329 981 4380 Deum
998 4330 1160 4380 confiteantur
1177 4329 1260 4379 Iesum
1278 4329 1337 4380 Chr.
1352 4329 1379 4377 in
1394 4329 1475 4392 gloria

896 4412 946 4461 Dei
959 4413 1039 4463 Patris
1051 4413 1300 4477 effectum...propter
1311 4411 1380 4461 illam
1398 4427 1474 4478 copu-

895 4495 1014 4548 lationem
1029 4511 1104 4562 quam
1116 4495 1192 4546 habet
1207 4495 1239 4546 ad
1253 4494 1441 4560 Unigenitum.”
