3342 5224
278 394 324 456 44
608 359 835 441 rusooonus
860 387 1153 439 Morsussrsuus
1253 375 1485 458 [111.15-17.

233 577 237 584 ·
280 575 299 618 a
324 545 457 620 Christo
479 565 530 620 est
553 556 821 621 benedictionem
842 554 952 619 cuncti
979 555 1184 637 suscepimus
1197 577 1204 634 ;
1228 555 1320 618 cuius
1345 555 1486 639 promis-

280 678 354 722 sum
389 661 490 724 etiam
528 660 655 724 dudum
683 659 727 724 ad
751 658 928 724 Abraham
955 659 1081 725 sactum
1112 681 1186 724 esse
1211 660 1361 725 uidetur!
1406 681 1483 724 nam

281 757 363 823 illud
404 762 495 842 quod
532 762 630 840 dixit,
662 771 700 824 ut
736 761 772 825 in
799 761 960 848 gentibus,
993 769 1027 825 et
1062 762 1192 838 iterum,
1230 771 1268 824 ut
1294 761 1486 844 promissio-

281 883 362 939 nem,
389 884 456 927 non
491 865 586 946 quasi
617 885 661 928 ex
697 884 798 928 causa
828 863 1034 928 descendens
1065 864 1162 941 dixit,
1187 865 1246 928 sed
1280 864 1361 929 illud
1394 865 1485 948 quod

249 966 429 1046 Ssequitur
453 976 612 1030 consuete
636 967 770 1031 adiecit.
815 967 930 1051 sicque
956 968 1044 1032 ultra
1070 976 1104 1031 et
1125 967 1293 1051 superflua
1317 967 1412 1031 nobis
1437 969 1486 1030 in-

282 1071 433 1134 uenietur
448 1072 530 1155 legis
546 1073 721 1150 custodia;
745 1080 779 1136 et
795 1072 923 1137 nullum
944 1072 1055 1136 locum
1080 1093 1125 1136 ex
1147 1073 1227 1156 ipsis
1249 1074 1347 1137 rebus
1363 1074 1487 1156 poterit

281 1170 413 1239 habere.
462 1174 666 1259 superfluum
690 1184 724 1239 et
754 1175 890 1259 quidem
925 1175 1013 1239 ultra
1051 1185 1123 1253 est;
1160 1175 1330 1240 redditum
1368 1184 1419 1239 est
1456 1177 1486 1240 ei

237 1326 242 1336 .
281 1274 432 1341 debitum
448 1300 468 1343 a
485 1278 626 1355 Christo,
642 1279 733 1361 quod
754 1301 774 1343 a
795 1267 892 1343 nobis
913 1278 1109 1343 debebatur.
1153 1278 1265 1342 locum
1286 1289 1398 1343 autem
1420 1300 1486 1344 non

280 1379 415 1456 habens,
436 1383 594 1463 quoniam
617 1403 669 1446 res
692 1402 759 1446 non
782 1382 932 1446 admittit
952 1403 1011 1446 eos
1031 1382 1088 1464 qui
1108 1380 1213 1446 semel
1231 1383 1487 1465 transmigraue-

230 1499 269 1546 10
281 1489 358 1545 runt
374 1481 407 1543 in
423 1481 568 1546 futuram
585 1483 689 1547 uitam
705 1485 890 1565 praesentis
906 1484 996 1548 uitae
1011 1485 1227 1548 succumbere
1242 1485 1396 1567 negotiis.

347 1592 382 1648 et
404 1585 524 1648 iterum
546 1587 589 1650 ad
614 1587 849 1669 probationem
871 1587 1018 1665 uertitur,
1036 1608 1080 1650 ex
1097 1587 1171 1670 ipso
1187 1596 1340 1670 ternpore
1356 1585 1486 1651 illorum

282 1689 463 1754 ostendens
494 1710 581 1772 quae
611 1711 655 1754 ex
686 1690 760 1775 lege
785 1691 917 1755 fuerant
943 1691 1007 1754 ista
1031 1711 1118 1773 quae
1142 1690 1220 1754 fidei
1245 1700 1323 1755 sunt
1347 1690 1487 1756 honora-

282 1793 400 1859 biliora
416 1814 487 1858 esse
502 1814 509 1857 :

339 1953 478 2036 fratres,
492 1955 664 2019 secundum
679 1953 838 2020 hominem
852 1954 946 2029 dt'co,·
970 1965 1077 2020 tamen
1096 1955 1239 2020 hominis
1260 1957 1486 2040 confirmatum

231 2071 266 2138 15
284 2070 507 2124 testamentum
537 2081 627 2125 nemo
655 2061 779 2143 spernit
812 2070 874 2124 aut
908 2060 1144 2141 superordinat.
1189 2059 1346 2124 Abrahae
1381 2071 1487 2125 autem

283 2167 388 2229 dictae
400 2175 480 2228 sunt
484 2164 722 2246 promissiones,
737 2174 771 2227 et
782 2164 902 2227 semini
916 2165 993 2229 eius.
1031 2186 1093 2228 mm
1109 2164 1212 2228 dicit:
1235 2173 1283 2227 ‘et
1294 2163 1487 2240 seminibus,'

286 2267 384 2349 quasi
397 2267 432 2330 in
448 2268 570 2344 multis,
584 2267 642 2330 sed
654 2267 751 2349 quasi
764 2267 799 2329 in
815 2288 877 2331 tuto
888 2288 899 2330 :
916 2273 965 2328 ‘et
976 2267 1095 2330 semini
1110 2267 1179 2340 tuo:
1194 2265 1253 2349 qui
1265 2275 1314 2328 est
1329 2265 1487 2331 Clzrz’stus.

282 2369 340 2432 hoc
356 2378 465 2432 autem
486 2368 581 2434 dico:
604 2379 837 2446 testamentum,
851 2378 928 2432 ante
947 2369 1174 2452 confirmatum
1195 2389 1216 2431 a
1236 2368 1305 2432 Dm
1326 2369 1360 2432 in
1379 2367 1489 2433 Clm's-

283 2483 365 2553 tum,
382 2463 447 2536 illa
463 2492 545 2555 quae
557 2481 635 2554 post
652 2473 905 2555 quadringentos
924 2481 957 2535 et
975 2471 1117 2554 triginta
1134 2491 1238 2535 annos
1246 2470 1346 2554 facta
1362 2481 1410 2534 est
1429 2471 1487 2546 lex,

228 2594 271 2640 20
283 2597 346 2639 non
360 2585 496 2639 euacuat
508 2575 556 2638 ad
565 2574 792 2639 destruemiam
800 2573 1058 2656 promissionem.

317 2747 320 2754 «
350 2703 461 2769 ualida
485 2703 647 2787 probatio,
670 2711 704 2767 et
727 2703 835 2766 omnis
858 2701 1104 2767 controuersiae
1126 2699 1295 2784 superior:
1327 2698 1489 2764 ‘hominis

285 2806 419 2890 (inquit)
437 2817 676 2872 testamentum
700 2827 809 2889 neque
831 2805 957 2871 euoluit
979 2805 1168 2887 quisquam,
1191 2823 1301 2885 neque
1323 2802 1489 2866 emendat.

284 2910 359 2974 Deo
388 2917 501 2974 autem
531 2909 749 2993 promittente
780 2928 897 2972 omnes
926 2915 1044 2990 gentes
1083 2906 1117 2969 in
1154 2903 1329 2969 Abraham
1367 2903 1490 2968 debere

282 3012 434 3077 benedici
460 3022 494 3076 et
519 3013 646 3076 semine
673 3012 743 3075 eius
769 3009 874 3095 (quod
901 3018 935 3074 et
961 3011 995 3073 in
1022 3008 1193 3074 Christum
1219 3005 1397 3091 impletum
1418 3027 1491 3070 esse

229 3127 267 3194 25
284 3117 363 3200 ipsis
379 3117 476 3180 rebus
492 3117 688 3191 inuenimus‚
704 3117 738 3178 in
760 3134 861 3196 quern
884 3122 918 3177 et
939 3132 1056 3176 omnes
1079 3111 1254 3186 credimus
1271 3130 1311 3174 eo
1332 3109 1424 3192 quod
1446 3130 1490 3172 ex

283 3218 458 3283 Abraham
487 3219 649 3301 originem
687 3215 812 3300 trahit),
843 3224 974 3300 patrem
1011 3235 1145 3298 quoque
1184 3215 1279 3278 nobis
1317 3213 1490 3278 Abraham

333 3397 348 3446 3
365 3387 393 3431 ut
404 3379 453 3444 (ase
464 3379 537 3440 eoo)
548 3379 632 3429 omn
695 3394 724 3444 14
740 3386 800 3430 tunc
813 3377 851 3428 c*
863 3379 898 3428 rr
909 3385 993 3429 umen
1008 3343 1114 3440 com)
1188 3394 1220 3442 24
1231 3376 1377 3444 semmai
1392 3378 1492 3430 Christo

286 3462 308 3513 C
326 3464 400 3524 (corr)

319 3623 341 3657 1·
378 3604 535 3669 suscepimus]
578 3602 655 3663 Pitra,
684 3604 743 3655 who
771 3603 862 3653 admits
949 3589 986 3653 18.
1013 3610 1073 3652 ante
1081 3603 1219 3668 cmſsaD.
1234 3603 1263 3653 iu
1278 3603 1416 3666 Christum]
1427 3621 1491 3667 προ·

283 3689 440 3753 suscipiemus
450 3689 503 3737 into
515 3688 555 3738 his
571 3696 631 3750 text,
649 3689 711 3738 adds
724 3688 751 3739 in
768 3704 783 3737 a
800 3687 862 3738 soot·
913 3702 962 3734 κεκ.
981 3683 1002 3736 ὖ.
1023 3683 1103 3736 τοῦθ.
1124 3689 1166 3736 els
1181 3687 1227 3749 Χρ.
1259 3687 1330 3737 O.L.
1347 3687 1397 3736 and
1415 3686 1492 3750 Vulg.

284 3777 350 3830 note,
376 3770 545 3834 “mapinrus
569 3769 644 3820 cod.’'
686 3768 753 3819 Both
781 3769 858 3820 MSS.
916 3767 1054 3818 “confirm.
1068 3767 1194 3830 aD.”[÷
1210 3769 1236 3819 in
1248 3769 1350 3819 Christo
1365 3770 1392 3819 O.
1405 3769 1457 3830 LJ.

284 3851 410 3915 distinctly
433 3851 489 3915 give
512 3851 554 3900 the
582 3851 682 3916 perfect.
721 3850 780 3910 '1'h.‚
800 3849 863 3898 aster
945 3869 985 3903 eo.
1010 3849 1285 3914 addestruendampr.]
1302 3847 1491 3912 elsrdxerep·

284 3934 323 3984 his
340 3948 451 3990 manner,
469 3932 570 3996 regards
586 3931 629 3981 the
646 3931 863 3981 resurrection-lise
911 3936 1005 3996 γῆσαι
1021 3934 1066 3994 τήν
1086 3933 1126 3982 ἐπ.
1167 3933 1221 3982 Our
1236 3932 1368 3983 translator
1385 3936 1449 3995 (exc.
1467 3933 1492 3982 in

284 4032 312 4066 as
323 4015 424 4077 already
434 4014 530 4077 begam
548 4028 628 4078 comp.
644 4029 670 4078 p.
679 4025 718 4076 35,
732 4013 749 4062 l.
759 4031 783 4074 4,
797 4029 833 4078 sq.
914 4015 979 4080 Eph.
994 4013 1019 4064 ii.
1034 4014 1060 4078 9)
1073 4013 1234 4077 consistently
1248 4014 1348 4063 renders
1363 4015 1493 4077 καταργεῖν

317 4085 356 4162 4.'
380 4113 431 4146 non
450 4097 524 4162 quasi
543 4111 667 4145 excausa
685 4095 758 4159 dese]
775 4099 817 4146 ie.
835 4097 862 4145 in
912 4096 947 4162 by
962 4097 1098 4157 destmere3
1116 4095 1180 4147 cic.
1194 4112 1218 4146 v.
1239 4115 1262 4160 4,
1280 4112 1317 4158 11,
1335 4096 1385 4146 and
1402 4097 1490 4152 above.

284 4176 413 4228 eschcase
425 4191 477 4228 acc.
497 4183 524 4224 to
540 4174 590 4225 Th.
608 4177 650 4225 the
667 4179 704 4224 lm
721 4176 742 4226 is
758 4176 862 4232 ecbatic,
914 4193 938 4242 p.
961 4193 999 4240 34,
1019 4175 1036 4225 l.
1058 4189 1083 4241 9.
1127 4175 1183 4226 'Ibe
1204 4177 1277 4225 latin
1297 4177 1408 4226 versions
1428 4175 1493 4224 have

285 4267 328 4310 not
341 4259 406 4310 telic.
437 4258 526 4323 Comp.
538 4257 578 4307 his
589 4257 687 4306 remark
699 4272 732 4306 on
743 4272 765 4307 c.
777 4273 801 4306 v.
817 4269 861 4318 17:
912 4273 1032 4306 euacuare
1041 4257 1067 4305 in
1079 4255 1135 4306 Gal.
1150 4255 1183 4306 iii
1199 4256 1249 4305 and
1260 4271 1283 4307 v.

284 4344 313 4392 τὸ
329 4343 378 4404 γὰρ
395 4341 440 4388 irc
457 4342 499 4390 οὐκ
517 4336 554 4389 ἐπ’
574 4341 658 4398 elrlas,
681 4336 734 4387 ἀλλ’
754 4337 785 4389 ὡς
808 4337 862 4387 dxl·
946 4353 987 4387 nn.
1016 4337 1116 4398 euolwl]
1142 4337 1230 4395 ἀθετεῖ,
1252 4351 1280 4385 or
1299 4337 1342 4387 the
1360 4335 1420 4387 like.
1457 4337 1493 4386 So

285 4425 371 4473 λουθον
392 4423 456 4472 κατὰ
477 4423 505 4472 τὸ
528 4423 612 4470 οἰκεῖον
634 4422 719 4478 ἰδίωμα
737 4423 859 4480 (“non...
912 4418 1002 4480 below,
1030 4419 1152 4468 “hancne
1172 4419 1265 4469 euoluit
1283 4415 1364 4468 lex?”
1390 4419 1440 4468 and
1460 4435 1493 4467 on

286 4505 311 4553 iu
323 4503 447 4552 causando
495 4503 536 4550 sed
550 4501 619 4565 quasi
637 4499 825 4564 consequens.'')
914 4516 936 4547 v.
952 4515 989 4555 rr,
1005 4504 1020 4526 ¹¹
1030 4515 1078 4548 non
1091 4507 1117 4548 ut
1130 4501 1228 4548 cuoluat
1243 4501 1290 4548 liei
1303 4498 1452 4564 pr·omissa.''
