3332 5210
287 365 331 436 70
619 365 848 420 ‘runooonus
872 367 1164 420 uorsussrsuus
1353 351 1424 438 [IV.
1442 369 1492 418 20.

286 539 377 622 quod
401 525 507 605 dixit:
529 537 705 622 usquedum
720 537 891 622 formetur
914 537 1066 604 Clm'stus
1090 539 1125 604 iu
1148 537 1238 604 uobis
1246 561 1261 616 ,·
1294 539 1425 622 pondus
1441 539 1491 602 in-

286 641 376 705 dicat
391 643 552 726 passionis
575 662 647 705 esse
667 642 865 721 inmensum,
882 651 916 705 et
934 663 995 705 nec
1020 642 1153 707 scientis
1176 662 1244 726 quo
1268 651 1359 706 statu
1380 661 1506 724 quoue·

286 746 353 810 fine
368 755 482 830 partus
498 746 601 829 ipsius
616 743 857 809 concludantur
871 743 1033 810 dolores*

351 848 438 912 bene
458 857 570 912 autem
594 847 700 910 dixit:
723 845 819 909 donec
827 847 997 928 formetur
1021 847 1193 927 Christus,·
1219 871 1263 914 ex
1287 848 1492 934 proprietate

255 958 401 1031 spartus
426 949 459 1013 id
484 950 648 1033 accipiens
673 949 809 1028 dictum,
825 958 901 1034 post
925 972 1026 1033 quem
1051 961 1084 1016 et
1108 951 1194 1016 solui
1218 953 1327 1016 solent
1352 951 1490 1016 dolores,

287 1063 321 1118 et
339 1053 402 1118 hoc
421 1053 454 1117 in
473 1052 546 1118 loco
567 1055 661 1136 quasi
683 1054 725 1118 de
746 1053 809 1117 illis
829 1054 885 1136 qui
901 1055 971 1117 nati
986 1063 1063 1118 sunt
1079 1055 1112 1117 in
1130 1055 1297 1120 Christum
1315 1055 1489 1138 perfidem

287 1164 321 1220 et
343 1155 520 1238 baptisma,
543 1156 663 1219 deinde
686 1156 819 1220 abolere
841 1165 1092 1239 temptauerunt
1115 1157 1223 1239 ipsam
1244 1157 1386 1240 effigiem
1407 1158 1491 1220 ueri-

287 1259 376 1336 tatis,
391 1258 491 1323 aliam
513 1258 747 1323 formationem
766 1269 926 1342 expectat
951 1261 984 1323 in
1005 1260 1069 1324 illis
1085 1260 1164 1338 fieri,
1179 1283 1266 1344 quae
1285 1260 1415 1344 impleri
1432 1281 1492 1344 po-

288 1361 365 1426 terit
379 1362 424 1425 ab
443 1361 564 1426 affectu
587 1363 644 1428 illo
664 1364 721 1446 qui
746 1385 825 1448 erga
847 1362 1018 1428 Christum
1044 1364 1105 1426 erit
1130 1362 1317 1446 perfectus3
1342 1363 1389 1427 ita
1404 1372 1492 1428 utet

236 1481 275 1530 10
288 1462 330 1527 ad
347 1462 482 1546 plenum
499 1465 586 1530 ultra
600 1487 621 1530 a
636 1465 792 1549 legitimis
808 1466 982 1529 discedant
997 1464 1164 1529 custodiis.
1210 1475 1441 1529 uerumtamen
1458 1474 1491 1529 et

287 1577 365 1652 post
380 1567 482 1632 talem
499 1577 696 1651 tantamque
717 1568 813 1633 fletus
836 1567 1127 1646 exclamationem,
1144 1578 1178 1633 et
1201 1570 1303 1633 uerba
1326 1570 1383 1634 illa
1405 1590 1492 1653 quae

288 1669 430 1734 multum
447 1671 477 1734 ei
492 1670 600 1734 inesse
614 1670 771 1736 affectum
797 1670 1039 1748 ostendebant;
1062 1670 1157 1754 quasi
1182 1671 1239 1753 qui
1262 1672 1369 1735 uictus
1393 1672 1492 1736 fuerit

286 1775 441 1857 passione
461 1773 509 1838 ita
529 1782 567 1838 ut
587 1794 648 1838 nec
671 1774 824 1858 proloqui
848 1774 975 1858 aliquid
1000 1776 1137 1840 ulterius
1162 1785 1283 1858 posset,
1301 1777 1334 1839 in
1358 1785 1490 1840 tantum

287 1879 320 1942 in
341 1886 505 1960 quantum
529 1887 564 1942 et
588 1878 661 1942 uult
673 1901 681 1957 ;
705 1887 740 1943 et
755 1877 845 1961 quod
871 1899 932 1943 nec
954 1879 1073 1944 deceat
1095 1880 1296 1944 scribentem
1323 1901 1490 1945 summam

235 2000 270 2066 15
286 1980 573 2044 miserabilitatem
589 1981 657 2044 suis
673 1983 860 2064 exprimere
876 1980 1010 2048 litteris:

351 2123 494 2188 uolebam
509 2135 616 2189 autem
632 2124 742 2202 uenire
754 2123 803 2188 ad
814 2146 871 2188 uos
885 2133 1014 2188 nuncet
1028 2132 1156 2188 mutare
1169 2144 1272 2188 zucem
1288 2143 1399 2188 meauu

352 2243 525 2308 ‘uolebam
549 2245 665 2308 uenire
690 2244 796 2327 magis
823 2253 858 2308 et
882 2226 1011 2308 mutare
1038 2263 1209 2307 sermones
1236 2265 1350 2318 meos·
1365 2251 1399 2306 et
1426 2241 1491 2305 alia

286 2345 422 2429 quidem
438 2347 557 2422 dicere,
573 2348 659 2412 sicut
674 2349 732 2411 lex
748 2348 918 2431 lugentem
940 2367 979 2412 ac
999 2346 1182 2412 deflentem
1198 2349 1307 2412 dicere
1323 2347 1490 2432 postulat3

284 2450 393 2512 dicere
409 2457 521 2512 autem
537 2450 660 2532 pariter
675 2449 789 2533 qualia
804 2459 838 2514 et
853 2459 981 2532 quanta
1002 2450 1176 2515 uolebam?
1221 2471 1355 2515 summa
1378 2459 1490 2514 autern

231 2550 472 2626 zoadiectione
487 2572 622 2616 suorum
638 2553 804 2624 dictorum
819 2552 943 2620 abusus
960 2573 1032 2617 esse
1048 2553 1199 2618 uidetur:

350 2690 503 2774 quoniam
518 2689 650 2774 aporior
665 2689 869 2773 (cousrmdor)
891 2689 926 2754 iu
947 2685 1037 2755 uobis
1045 2714 1061 2768 ,·

348 2903 386 2972 τὸ
402 2903 437 2971 δὲ
451 2909 553 2984 πάλιν,
569 2902 654 2972 ὥστε
674 2907 740 2972 ιοῖν
760 2911 913 2973 παλαιῶν
936 2906 1055 2974 ὠδίνων
1078 2906 1211 2992 ἅγινγεῖν
1232 2903 1277 2977 εἷς
1299 2904 1434 2989 μνήμην·
1456 2907 1494 2972 τὸ

284 3007 319 3074 δὲ
340 3008 420 3096 ἄχρις
441 3010 479 3084 oi
503 3017 664 3096 μορφωθῇ
687 3010 810 3099 Xprcrdc
837 3011 873 3077 ἐκ
901 3010 982 3090 tntu,
1006 3011 1159 3077 ἐπίτασιν
1184 3007 1336 3098 ἔχειτοῦ
1361 3008 1494 3088 πάθους,

283 3110 434 3198 οὐδὲγὰρ
450 3109 569 3184 εἰδότος
585 3113 675 3179 ἐστὶν
689 3117 755 3180 ποῦ
770 3140 851 3180 ποτε

333 3262 549 3330 ⁴escientesCH
661 3261 922 3332 oquaqurquilu
1025 3265 1241 3332 8implereCH
1333 3264 1500 3330 peffectuH

283 3355 314 3392 aa
327 3359 365 3409 sq.
375 3343 452 3394 Coisl.
468 3359 524 3407 204,
539 3343 555 3394 i.
572 3360 601 3408 33
613 3345 630 3394 b
642 3345 696 3408 [Cr.
709 3347 741 3398 vi.
756 3347 795 3410 67,
810 3348 851 3398 Fr.
870 3349 933 3411 127].
958 3345 1072 3411 θεόδιιροι
1085 3345 1191 3411 (marg).

317 3485 339 3536 5.
370 3481 512 3540 postquem
528 3482 551 3526 et
565 3476 631 3528 ιοΙιιι·
647 3495 666 3528 s.
685 3478 723 3540 d.]
771 3479 862 3545 Cornp.
948 3495 987 3532 rr.
1005 3476 1280 3544 apon'orlconfimdorss
1293 3477 1360 3526 Pitre
1368 3491 1495 3542 expungas

284 3559 310 3610 S.
331 3560 400 3624 John
422 3560 470 3609 xvi.
495 3575 543 3610 ar:
571 3557 629 3609 ὅταν
652 3563 678 3612 tl
704 3562 811 3626 γεννήσῃ
837 3563 867 3614 τὸ
916 3561 958 3611 the
969 3560 1061 3610 second
1072 3559 1198 3609 verbosa
1212 3557 1327 3607 manifest
1341 3557 1426 3620 gloss;
1443 3573 1492 3619 see,

283 3641 386 3702 ῐαῑόίθί
400 3641 477 3690 θῦῐὲῒῑ
487 3643 626 3702 μνημονεύει
637 3643 680 3703 τῆς
691 3646 803 3710 θλίψεως.
915 3640 1039 3700 however,
1051 3641 1143 3700 above,
1153 3655 1180 3704 p.
1193 3652 1216 3700 5,
1230 3637 1248 3687 l.
1266 3635 1294 3688 16
1313 3635 1401 3700 (note).
1435 3636 1495 3686 Pos-

316 3725 339 3772 8.
376 3723 454 3771 altitu
463 3722 648 3785 formationem,
667 3725 725 3788 διο]
765 3727 863 3792 Chrysa
915 3720 980 3783 sibly
999 3721 1039 3768 uel
1059 3721 1104 3768 has
1122 3719 1236 3783 dropped
1256 3726 1300 3767 out
1319 3719 1432 3767 'between
1453 3717 1496 3767 the

283 3804 539 3866 dirpddporelpqolv)
556 3808 600 3866 τὴν
617 3805 705 3864 εἰκόνα,
719 3809 864 3858 ἀπωλέσατε
916 3803 995 3852 verbs.
1031 3803 1081 3852 For
1097 3803 1210 3866 aporiari
1224 3817 1266 3851 see
1283 3800 1393 3862 Rdnsch,
1413 3801 1450 3849 N.
1464 3803 1494 3851 T.

283 3889 329 3945 τὴν
353 3887 503 3949 συγγένειαν,
525 3881 571 3946 τὴν
587 3885 683 3949 μορφὴν
703 3889 863 3948 williamson-
920 3883 1079 3944 Tertullinus,
1097 3899 1122 3948 p.
1140 3881 1197 3932 688.
1240 3883 1284 3932 No
1303 3883 1378 3932 Latin
1397 3887 1496 3932 version

284 3966 462 4026 ὀνογεννὴοιως
478 3965 559 4028 ἐτέρας
576 3963 629 4024 ὑμῖν
646 3967 682 4014 liei
697 3969 736 4015 rol
754 3965 863 4018 ἀναπλά·
914 3982 970 4017 uses
989 3966 1008 4015 it
1027 3965 1094 4025 here,
1120 3963 1242 4028 although
1264 3963 1283 4012 it
1301 3979 1388 4012 occurs
1408 3964 1434 4012 in
1453 3964 1495 4014 the

284 4063 352 4096 σεωι.
388 4046 467 4095 Thdt.
479 4045 605 4096 remarks:
623 4046 701 4097 ταῦτα
712 4047 811 4099 καὶτῶν
821 4047 865 4101 τοῦ
915 4050 991 4114 Vulg.
1003 4049 1032 4099 oi
1047 4067 1060 4099 ι
1074 4051 1125 4102 Cor
1136 4051 1168 4099 iv.
1181 4053 1196 4101 8
1213 4047 1381 4111 (ἀπορούμενοι
1399 4047 1495 4112 aporia·

283 4127 396 4177 Νονάτον
407 4128 528 4190 διελέγχει
540 4129 584 4188 τήν
597 4127 687 4180 ἄνοιαν.
915 4133 990 4192 mur),
1003 4132 1053 4180 and
1066 4133 1092 4182 S.
1103 4133 1204 4197 Jerome
1216 4131 1260 4192 (ad
1268 4131 1293 4178 Ιι.
1305 4130 1333 4194 Ι.)
1347 4129 1442 4179 notices
1454 4127 1496 4178 the

319 4225 356 4274 15.
398 4211 613 4273 rniserabr'litateml
628 4233 650 4254 =
663 4213 797 4264 miseriam.
918 4215 1073 4278 inadequacy
1097 4213 1127 4263 os
1151 4213 1291 4278 confimdor
1317 4219 1343 4261 to
1371 4216 1498 4275 represent

318 4305 356 4356 17.
382 4293 435 4344 alia
445 4295 542 4358 quidem
553 4294 638 4356 dr'cere]
656 4293 696 4344 Ci.
706 4296 783 4346 Thdt.
796 4295 868 4346 ι’τῖιν
917 4297 1060 4360 ἀποροῦμαι.
1095 4299 1190 4362 Αμοήα
1208 4300 1241 4362 (p.
1262 4309 1299 4360 71,
1317 4294 1335 4344 l.
1353 4295 1379 4355 ο)
1396 4294 1417 4342 is
1429 4309 1496 4344 com·

282 4377 327 4435 ptr
341 4375 387 4437 'vl'
400 4367 521 4439 3³9⁶?th
538 4378 657 4438 θρηνῆσαι
672 4377 721 4426 τῶν
738 4379 764 4428 δὲ
780 4377 809 4428 τό
824 4382 865 4444 βέ-
917 4381 1054 4444 parativeiy
1078 4393 1207 4430 common:
1237 4375 1348 4435 Ronsch,
1370 4375 1446 4434 Itala,
1469 4391 1496 4440 p.

282 4459 353 4520 βοιον
365 4460 494 4520 θαυμάσαι.
529 4459 570 4510 Cl'.
587 4460 681 4524 Meyer,
696 4461 763 4510 adu.
776 4451 797 4512 ¹1.
916 4475 974 4526 239.
