3292 5206
273 294 339 372 248
603 305 831 358 rnsononus
855 305 1147 358 norsuesrsnus
1291 295 1368 377 [IV.
1384 297 1470 375 6-9

335 479 394 544 sed
405 479 442 543 in
456 479 546 543 omni
559 479 704 543 oratione.
715 489 746 543 ot
754 479 970 562 postulatione
983 500 1055 544 cnm
1065 482 1258 564 gratiarnm
1273 483 1395 547 actiotn
1406 493 1479 566 pos-

252 567 255 572 *
271 580 441 656 tnlationes
455 591 580 648 uestrae
595 582 792 646 innotescant
804 581 852 646 nd
863 581 979 648 Deum.

335 713 485 771 ‘tantum
508 726 569 768 uos
589 725 648 787 per
669 705 781 767 omnia
801 705 926 787 gratias
944 705 1034 788 agite
1051 705 1134 780 De0,
1151 705 1360 788 postulantes
1381 707 1426 771 ab
1441 727 1480 770 eo

272 811 426 876 tristitiae
442 799 642 874 solutionem
658 828 744 890 quae
760 817 810 871 est
825 807 923 871 huius
939 810 985 872 rei
998 809 1145 874 merces?

241 985 256 1051 5
336 969 367 1024 et
376 971 447 1044 pun
459 957 526 1022 Dei
539 979 619 1040 qnae
632 957 843 1038 supereminet
855 981 978 1023 ornnem
995 961 1186 1026 intellectum
1206 965 1366 1028 custodiat
1385 963 1480 1028 cordo

272 1069 380 1128 inostro
395 1072 426 1127 et
438 1083 548 1126 sensus
563 1067 692 1125 nestros‘
701 1063 736 1125 in
754 1061 882 1128 Christo
897 1063 979 1128 Iesn.
1036 1076 1041 1081 ’
1256 1053 1261 1061 ’

338 1183 401 1246 hoc
417 1191 474 1258 est,
488 1185 494 1212 ‘
506 1183 577 1264 ipse
592 1180 688 1243 uobis
704 1189 852 1263 praestet
866 1181 1048 1264 perfectam
1065 1205 1183 1267 pacem
1199 1189 1256 1270 qui
1272 1189 1315 1252 ab
1327 1188 1481 1252 omnibus

274 1283 351 1372 plus*
365 1281 494 1366 potest!
525 1303 602 1347 nam
619 1302 736 1366 pacem
755 1283 818 1347 Dei
834 1285 1081 1370 supereminere
1097 1287 1184 1352 dixit
1203 1290 1323 1366 omnia,
1341 1299 1378 1354 ut
1393 1291 1482 1354 dicat

276 1395 283 1418 ‘
295 1387 423 1451 Deum.²

225 1561 263 1608 10
341 1525 379 1589 do
403 1536 508 1601 cetero,
530 1527 671 1608 fratres,
697 1545 896 1607 quaecunque
920 1535 998 1588 sunt
1022 1547 1109 1603 rouro,
1135 1548 1334 1611 qnoontnqno
1355 1526 1484 1610 podria,

276 1649 474 1711 proutcunque
500 1629 595 1704 insto,
620 1647 819 1710 quaecunque
843 1637 940 1704 costa,
960 1649 1160 1713 quantunque
1182 1632 1367 1710 dilectionis,
1391 1651 1484 1715 qnae-

275 1753 395 1814 cnnqne
410 1731 506 1796 bonae
518 1732 684 1812 opinionis,
698 1731 730 1795 si
750 1753 814 1814 qna
835 1733 951 1809 nirtns,
967 1743 999 1796 ot
1014 1733 1046 1798 si
1059 1756 1124 1817 qno
1139 1737 1219 1812 lans,
1240 1737 1316 1802 luteo
1328 1739 1485 1820 cogitate,-

277 1854 357 1916 qnno
375 1844 406 1897 et
427 1833 588 1897 didicistis
610 1842 641 1897 et
663 1833 885 1916 accepistisot
906 1835 1047 1900 audistis
1067 1847 1099 1900 et
1118 1839 1251 1902 uidistis
1274 1839 1309 1903 in
1330 1860 1387 1915 rno,
1413 1838 1488 1902 hoec

277 1939 372 2020 agite,
386 1947 417 2001 et
431 1937 522 2000 Deus
529 1938 623 2020 pacis
636 1938 700 2001 crit
714 1937 882 2002 nobiscum.

185 2090 189 2098 ·
227 2087 262 2152 15
345 2058 502 2121 ‘ueritatis
529 2057 660 2140 (inquit)
688 2057 895 2140 diligentiam
923 2059 1089 2137 adhibete,
1117 2061 1305 2143 pudicitiae,
1331 2060 1485 2137 iustitiae,

279 2160 466 2239 castitatis?
495 2171 530 2223 ut
547 2161 651 2224 dicat:
669 2161 847 2224 ‘abstinete
860 2183 920 2225 uos
932 2183 951 2225 a
963 2165 1075 2246 prauis
1086 2167 1228 2248 negotiis
1239 2167 1348 2246 (sicuti
1361 2176 1395 2231 et
1407 2167 1486 2231 alibi

279 2265 386 2326 dixit:
418 2264 452 2326 in
470 2263 617 2326 onnn'bns
645 2283 702 2328 nos
730 2264 955 2345 comprobastis
978 2278 1101 2330 castos
1126 2289 1190 2330 csso
1215 2267 1251 2330 in
1278 2267 1422 2348 negotio),
1451 2279 1487 2333 ut

279 2365 421 2449 ageretis
438 2363 494 2428 illa
506 2385 592 2448 quae
607 2364 763 2428 omnibus
778 2365 911 2447 placent
917 2367 931 2444 ;’
948 2366 1011 2430 hoc
1027 2376 1087 2444 est,
1099 2367 1154 2431 illa
1169 2389 1256 2451 quae
1272 2369 1315 2433 ab
1331 2369 1487 2433 omnibus

280 2477 525 2551 cognoscuntur
540 2489 612 2530 esse
628 2467 725 2531 bona.
772 2477 864 2532 ‘nam
888 2478 921 2531 et
943 2470 1032 2551 apud
1054 2490 1170 2534 omnes
1185 2469 1301 2534 similis
1316 2479 1368 2532 est
1383 2469 1488 2534 bono-

225 2601 267 2651 20
281 2591 353 2633 rum
383 2568 555 2645 confessi0,
587 2590 631 2632 ex
662 2570 781 2652 quibus
808 2571 964 2653 operibus
988 2571 1076 2635 bona
1104 2591 1164 2635 uos
1190 2571 1304 2655 opinio
1330 2571 1486 2655 subsequi

314 2731 365 2778 3.4
381 2717 606 2764 tantum-merces
616 2731 654 2763 om
667 2730 683 2762 r
761 2713 789 2764 16
806 2713 841 2762 ibi
845 2714 893 2778 for
903 2715 963 2763 alibi
978 2716 1000 2765 C
1006 2715 1039 2764 H
1117 2715 1146 2764 18
1163 2717 1284 2778 cogeretis
1296 2715 1354 2781 (sor
1363 2716 1416 2779 ag.)
1427 2716 1461 2764 H

316 2869 337 2905 r.
358 2855 736 2920 postulatione..postulationes]
758 2851 790 2914 τῇ
806 2855 859 2914 oni·
910 2855 984 2905 Latin
995 2855 1105 2905 versions
1116 2854 1166 2905 less
1177 2853 1274 2918 exuctly
1285 2854 1375 2905 render
1389 2855 1487 2918 “quae-

282 2938 382 2987 oei...·rd
393 2937 524 2997 αἰτήματα.
552 2937 618 2985 Both
629 2936 662 2985 Ο.
674 2937 704 2986 L.
718 2936 768 2986 and
780 2936 855 3000 Vulg.
909 2953 1015 3002 cumque
1036 2934 1148 2986 saneta.''
1186 2937 1236 2986 For
1254 2935 1387 2985 dilecn'om's
1406 2935 1487 3000 (προσ-

281 3019 344 3067 have
364 3018 496 3082 employed
515 3017 616 3066 distinct
636 3032 733 3078 nouns;
758 3032 786 3066 so
805 3017 859 3066 that
909 3019 980 3078 φιλῆ)
998 3017 1136 3081 they-have
1153 3018 1280 3066 rarissimo
1299 3015 1342 3079 (Ο.
1356 3016 1409 3076 L),
1421 3033 1487 3065 unru-

282 3116 327 3149 our
338 3101 469 3150 translator
480 3099 519 3148 sor
529 3115 591 3149 once
605 3105 695 3149 cannot
712 3113 800 3162 escape
817 3099 859 3148 the
909 3099 970 3147 bilr'a
982 3097 1090 3161 (Vulg.).
1126 3097 1194 3147 Most
1207 3097 1236 3146 oi
1250 3095 1292 3146 the
1310 3096 1384 3146 Latin
1402 3097 1488 3146 autho·

281 3181 373 3246 charge
393 3181 424 3229 os
443 3181 612 3230 carelessness.
653 3180 703 3228 For
723 3180 760 3228 ad
780 3179 858 3243 (πρός)
910 3180 977 3231 rities
999 3179 1049 3229 add
1074 3179 1217 3242 disciplinoe
1245 3179 1399 3239 (ἐπιστήμης)
1427 3177 1489 3228 atter

282 3263 373 3319 Deum,
385 3261 428 3311 the
439 3261 514 3310 Latin
526 3262 635 3310 versions
646 3261 710 3309 have
721 3259 791 3323 apud
799 3261 834 3309 D.
909 3263 973 3314 lons.

316 3357 338 3407 5.
379 3345 548 3412 supereminet]
591 3343 630 3394 Cs.
652 3360 676 3408 p,
700 3359 755 3406 235,
777 3343 794 3392 l.
821 3355 857 3405 17.
946 3341 982 3392 16.
1006 3342 1081 3391 cnuti
1098 3349 1122 3391 et
1139 3341 1200 3390 olibi
1218 3341 1294 3402 dixit]
1330 3339 1379 3391 See
1400 3357 1439 3391 vv.
1460 3340 1486 3390 ll.

285 3427 334 3476 For
352 3429 625 3486 intellectum...sensns,
650 3427 692 3476 the
715 3427 790 3490 Vulg.
815 3427 860 3475 has
910 3427 966 3475 The
978 3425 1031 3474 first
1041 3425 1146 3490 syllable
1158 3423 1186 3472 of
1194 3424 1255 3472 alibi
1265 3439 1372 3488 appears
1384 3431 1410 3473 to
1426 3423 1489 3473 have

283 3509 593 3573 sensum...intelligentius
630 3509 686 3558 The
701 3524 769 3557 error
784 3515 859 3557 custo·
911 3509 974 3558 been
985 3507 1088 3571 merged
1100 3506 1126 3555 in
1138 3505 1179 3554 the
1191 3505 1327 3570 preceding
1337 3513 1367 3555 et.

283 3589 337 3638 din
353 3605 411 3638 runs
430 3590 538 3654 through
557 3590 642 3654 nearly
665 3589 698 3638 all
721 3589 763 3640 the
787 3590 861 3639 Latin
947 3603 983 3652 17.
1019 3591 1047 3637 in
1075 3588 1188 3638 omnibns
1215 3603 1258 3637 uos
1284 3595 1374 3652 compr.
1405 3587 1489 3647 castos]

284 3673 436 3732 authorities,
451 3673 501 3722 and
512 3671 637 3736 strangely
645 3671 743 3735 enough
755 3670 818 3720 finds
830 3687 862 3720 an
912 3687 924 3721 ι
946 3671 1004 3720 Cor.
1026 3671 1067 3721 vii.
1093 3685 1131 3729 11,
1155 3669 1237 3720 where
1261 3670 1333 3732 ἁγνός
1355 3671 1428 3719 bears
1450 3669 1490 3719 the

285 3761 406 3818 apparent
417 3761 520 3818 support
531 3753 557 3802 in
568 3753 610 3802 the
623 3762 762 3803 comments
778 3752 807 3802 os
820 3753 862 3802 the
912 3769 979 3802 same
991 3767 1069 3811 sense,
1087 3751 1152 3801 ‘free
1163 3750 1227 3800 from
1239 3751 1417 3815 complicityin
1428 3751 1465 3800 sin
1473 3749 1491 3810 ;'

286 3838 337 3886 Gk.
351 3837 505 3901 expositors;
527 3836 558 3887 cl.
579 3836 666 3901 Chrys.
688 3836 863 3901 (followedby
912 3835 943 3884 ci.
964 3833 1041 3882 Thdt
1060 3834 1097 3882 od
1108 3833 1162 3882 loc.:
1185 3833 1289 3891 ἐδείξατε
1307 3831 1392 3894 capos
1410 3834 1447 3881 dn
1466 3828 1491 3880 ον’

286 3920 406 3985 Thpht.):
424 3918 509 3969 doctri
523 3922 614 3980 ἔλεγεν·
633 3919 645 3968 ὁ
661 3920 788 3984 ῥυσάμενος
804 3918 863 3978 ὑμᾶς
914 3919 1049 3976 corporisne
1065 3917 1114 3967 τοῖς
1133 3914 1210 3966 κακῶς
1227 3912 1265 3964 ὑπ’
1282 3917 1377 3964 ἐκείνων
1392 3931 1491 3977 γεγενη-

287 4001 464 4053 οὔτως...ιιν’τὸε
476 4001 643 4062 διαφυλάξειεν
659 4003 699 4050 καὶ
717 3999 862 4063 ἀσφαλίσαι-
912 3999 1000 4057 μένοις·
1016 3997 1099 4046 τοῦτο
1115 3998 1172 4059 γὰρ
1189 3997 1272 4057 λέγει
1289 3997 1395 4058 ἁγνούς
1412 3997 1491 4045 εἶναι.

288 4102 323 4135 ro.
356 4086 445 4135 'l'hdtz
465 4081 510 4145 τὴν
528 4086 620 4145 εἰρήνην
639 4082 768 4144 ἐπηύξατο.
803 4085 863 4133 And
915 4083 966 4130 For
975 4082 1144 4144 comprobastis
1160 4081 1202 4130 the
1219 4081 1294 4130 Latin
1310 4081 1422 4130 versione
1437 4080 1492 4144 give

288 4183 316 4218 so
327 4167 388 4218 Th:
404 4165 648 4233 “ipse...praestet,”
914 4163 1057 4212 exhibuistis
1064 4176 1076 4220 ;
1092 4163 1130 4212 sor
1144 4169 1221 4212 castos
1238 4163 1279 4212 the
1296 4161 1373 4225 Vulg.
1392 4161 1438 4212 has
1454 4161 1492 4210 in·

322 4264 344 4313 7.
379 4248 685 4314 obonmibnsplnspotest]
703 4247 742 4298 Cs.
755 4247 865 4304 Rdnsch,
915 4247 1100 4297 contaminatos.

288 4333 364 4391 Itala,
378 4348 419 4396 pp.
435 4345 492 4395 452,
506 4347 563 4394 453.
951 4343 988 4392 ¹9·
1020 4327 1108 4375 sinn'lis
1118 4333 1151 4375 est
1162 4325 1281 4375 bonorum
1292 4323 1417 4389 consessio]
1439 4324 1493 4373 The

326 4429 361 4464 ιι.
385 4409 630 4477 quaecunqmcnsta]
653 4413 699 4462 ὅσα
712 4407 782 4471 ἁγνά.
810 4411 866 4461 The
917 4409 995 4459 moral
1018 4409 1086 4458 crnd
1105 4409 1134 4458 of
1156 4408 1190 4458 all
1212 4423 1278 4468 meu,
1309 4407 1418 4457 heathen
1445 4407 1492 4456 and
