3342 5224
309 341 359 444 ¹34
649 377 875 428 'rnnononus
898 375 1189 428 Morsunsrnuus
1394 359 1452 443 [ΙΙ.
1469 376 1518 425 20.

382 563 444 626 τεο
473 553 563 634 quod
591 554 624 615 in
654 553 856 635 baptismate
887 553 1002 614 mortis
1032 570 1166 632 quoque
1202 558 1236 612 et
1273 549 1518 614 resurrectionis

316 653 456 719 sormam
485 655 678 740 implebant,
703 654 911 738 concrucifigi
938 653 1135 718 dicebantur
1166 652 1299 718 Christo
1326 654 1382 736 qui
1408 653 1518 737 bapti·

314 758 494 838 zabantur;
526 758 680 842 eoquod
703 760 792 822 inem
816 779 1028 842 percrucem
1056 769 1199 823 mortem
1229 759 1411 843 suscipiens
1437 767 1471 823 et
1497 780 1517 823 a

313 863 479 942 praesenti
505 860 567 925 hac
592 863 663 924 uita
682 872 779 925 exter
803 861 921 942 sactuS,
945 873 1128 946 postquam
1152 864 1340 938 resurrexit,
1360 862 1517 926 inmorta-

281 963 379 1036 stem
417 965 523 1028 uitam
550 966 700 1048 sumpsit.
745 964 807 1048 ipsi
840 985 919 1029 uero
948 966 1132 1028 secundum
1163 963 1304 1027 formam
1334 965 1516 1048 baptisma-

312 1065 354 1126 tis
387 1065 420 1128 in
456 1065 706 1130 similitudinem
743 1086 858 1128 sumus
895 1066 985 1148 facti,
1017 1088 1077 1150 spe
1108 1066 1166 1130 illa
1198 1069 1287 1148 quod
1321 1078 1358 1132 ut
1389 1076 1424 1132 et
1458 1066 1516 1132 ali·
1572 1105 1578 1118 ·

311 1166 446 1247 quando
467 1167 687 1232 assimilemur
703 1165 763 1252 [et]
780 1166 898 1232 horum
916 1169 1101 1233 necessario
1122 1168 1364 1250 participemur,
1380 1169 1515 1252 quando

311 1271 496 1333 communis
521 1271 670 1333 omnium
697 1271 890 1334 resurrectio
915 1270 948 1333 in
973 1270 1263 1334 consummatione
1289 1269 1411 1334 saeculi
1442 1289 1515 1351 per·

310 1371 439 1435 ficietur
467 1381 619 1457 tempore
647 1371 885 1450 concurrenti*
916 1375 1002 1439 sicut
1033 1383 1068 1439 et
1097 1375 1131 1437 in
1162 1373 1306 1458 epistola
1340 1395 1441 1456 quam
1471 1375 1513 1438 ad

258 1495 297 1542 10
312 1473 483 1538 Romanos
499 1475 627 1558 scripsit
643 1474 769 1539 dixisse
785 1477 935 1540 uidetur:
959 1475 1017 1540 hoc
1028 1487 1239 1559 cognoscentes
1257 1477 1409 1559 quoniam
1425 1486 1516 1540 uetus

309 1577 401 1640 homo
423 1589 529 1642 noster
547 1578 720 1663 crucifissus
740 1589 795 1654 est,
811 1589 850 1642 ut
865 1579 1057 1644 destruatur
1075 1591 1187 1661 corpus
1199 1579 1345 1662 peccati,·
1368 1589 1407 1642 ut
1426 1579 1516 1642 ultra

309 1703 372 1746 uon
397 1684 581 1747 seruiamus
594 1692 728 1765 peccate.
776 1684 862 1758 †hoc
884 1705 963 1766 ergo
985 1684 1066 1747 dicit
1092 1683 1252 1766 quoniam
1273 1681 1515 1766 ‘concrucifixus

308 1807 382 1850 sum
406 1786 543 1863 Clmirto,
568 1785 694 1850 nuliam
722 1787 765 1850 ad
792 1797 1001 1870 praesentem
1028 1786 1114 1852 hanc
1140 1788 1245 1851 uitam
1272 1786 1400 1851 habens
1424 1807 1514 1850 com-

311 1889 512 1964 munionem,
529 1888 562 1950 in
578 1909 646 1970 qua
660 1889 843 1952 secundum
862 1887 972 1972 legem
994 1910 1055 1953 nos
1076 1910 1210 1954 necesse
1231 1889 1274 1953 sit
1298 1888 1515 1953 conuersari*

251 2012 286 2076 15
307 1992 470 2055 transiens
497 2012 575 2055 uero
601 2013 623 2053 a
646 1993 811 2074 praesenti
837 1993 914 2070 uita,
941 1993 1035 2076 quasi
1063 1993 1128 2056 iarn
1154 1995 1187 2057 in
1214 1989 1305 2055 iilam
1331 1992 1435 2056 uitam
1460 2013 1514 2058 me

306 2095 449 2157 aestimo
473 2093 594 2170 uiuere,
616 2093 801 2156 secundum
832 2113 933 2176 quam
961 2096 1063 2157 etiam
1093 2094 1243 2158 Christus
1274 2096 1307 2158 in
1338 2114 1392 2158 me
1422 2094 1513 2158 uiuit.

303 2195 355 2257 cui
379 2215 440 2277 per
462 2197 734 2259 resurrectionem
751 2196 938 2271 adiunctus
954 2196 1141 2260 membrum
1157 2197 1227 2259 eius
1246 2197 1291 2278 (id
1308 2206 1359 2261 est
1376 2193 1511 2276 Christi)

304 2297 442 2362 effectus
457 2319 541 2374 sum,
552 2298 672 2382 dignus
688 2300 816 2381 corpori
833 2299 903 2362 eius
918 2300 1093 2382 copulatus
1103 2299 1346 2383 esse'-caput,
1364 2309 1401 2363 ut
1413 2297 1512 2363 moris

304 2410 363 2478 est,
385 2403 496 2484 ipsum
517 2402 580 2465 sibi
605 2401 807 2466 adscribens.
856 2402 904 2464 sic
928 2402 1069 2465 enimet
1089 2402 1167 2467 alibi
1192 2403 1293 2467 dicit:
1318 2403 1435 2467 etenim
1457 2423 1514 2466 nos

249 2533 291 2603 29
303 2523 410 2567 ornnes
425 2502 459 2566 iu
476 2524 538 2567 uno
556 2502 687 2586 Spiritu
703 2503 739 2566 in
755 2523 857 2566 ursum
872 2514 984 2584 corpus
998 2503 1158 2585 baptizati
1169 2525 1294 2568 secutus.

370 2693 480 2776 ἐπειδὴ
505 2695 539 2761 ἐν
561 2697 607 2782 τῷ
628 2695 840 2778 βαπτίσματι
866 2697 922 2761 τοῦ
946 2721 982 2761 τε
1003 2696 1142 2762 θανάτου
1164 2698 1218 2764 καὶ
1233 2701 1289 2780 τῆς
1304 2695 1513 2768 ἀναστάσεως

304 2799 407 2865 τιίπον
421 2798 592 2884 ἐπλήρουν,
608 2799 873 2886 αυσταυροῧσθαι
893 2798 1044 2882 ε’λέτγοντο
1067 2803 1114 2888 τῷ
1135 2803 1273 2889 χριστῷ,
1290 2800 1331 2874 ὠς
1353 2801 1393 2867 ἂν
1414 2791 1512 2868 αὐτοῦ

304 2903 364 2986 μὲν
379 2901 433 2968 διὰ
452 2907 594 2990 σταυροῦ
616 2902 671 2968 τὸν
694 2901 832 2968 θάνατον
853 2901 1029 2986 δεξαμένου
1050 2905 1106 2971 καὶ
1130 2903 1338 2977 ἀναστάντος·
1363 2902 1455 2972 αὐτοὶ
1478 2903 1512 2970 δὲ

306 3003 392 3072 κατὰ
403 3005 504 3070 τύπον
515 3008 572 3071 τοῦ
583 3005 815 3088 βαπτίσματος
827 3007 861 3072 ἐν
873 3011 939 3078 τοῖς
947 3006 1068 3090 Ὶὁμοίοις
1079 3008 1261 3092 ιγυγνόμεναι
1272 3008 1322 3074 ἐπ’
1336 3007 1445 3076 ἐλπίδι
1456 3011 1512 3074 τοῦ

251 3141 269 3184 2
275 3135 289 3200 5
306 3111 361 3173 καὶ
377 3108 483 3189 πάντη
495 3109 576 3174 ποτὲ
590 3113 768 3198 μετασχεῖν
783 3112 848 3175 τῶν
863 3109 989 3191 ὁμοίων,
1003 3109 1083 3176 ὅταν
1098 3115 1156 3192 τῆς
1172 3115 1276 3194 κοινῆς
1290 3111 1422 3179 πάντων
1437 3110 1512 3178 ἀνα·

307 3211 455 3283 στάσεως
470 3212 504 3276 ἐν
518 3214 557 3296 τῇ
579 3215 636 3278 τοῦ
656 3211 769 3284 αἰῶνος
784 3213 957 3300 συντελείᾳ
972 3211 1029 3280 τὸν
1044 3215 1157 3301 ιιαιρὸν
1171 3219 1321 3301 παρεῖναι
1336 3215 1512 3300 συμβαίνῃ.

371 3316 466 3379 τοῦτο
485 3312 540 3380 οὖν
560 3314 657 3397 λέγει,
677 3311 729 3380 brt
750 3322 997 3404 cruecruipmuur
1020 3317 1147 3404 (φησίν)
1166 3324 1212 3405 τῷ
1229 3324 1347 3406 χριστῷ,
1363 3315 1513 3400 οὐδεμίαν

307 3416 388 3500 πρὸς
407 3415 465 3498 τὴν
483 3420 654 3503 παροῦσαν
674 3417 795 3501 ταύτην
818 3420 897 3503 ζωὴν
919 3421 1086 3488 κοινωνίαν
1104 3421 1199 3511 ἔχων,
1225 3422 1258 3489 ἐν
1271 3419 1292 3506 ᾗ
1307 3419 1391 3488 κατὰ
1416 3422 1514 3503 νόμον

306 3521 539 3587 πολιτεύεσθαι
560 3521 644 3605 ἡμᾶς
667 3521 800 3607 ἀνάγκη.

356 3697 369 3729 τ
388 3696 444 3730 cum
456 3681 566 3745 crucifigi
580 3680 618 3731 C*
633 3681 637 3746 Ι
652 3698 709 3732 cunr
721 3683 790 3747 bapt.
802 3684 836 3732 tt
844 3682 916 3748 (corr)
1040 3697 1054 3748 5
1072 3701 1121 3736 sec.
1133 3685 1155 3736 f.
1166 3685 1192 3734 in
1204 3686 1229 3735 b.
1243 3701 1262 3736 s.
1280 3685 1359 3736 CH*
1387 3701 1436 3737 sec.
1449 3687 1513 3738 hanc

307 3763 333 3819 i,
346 3763 400 3819 irc„
412 3764 445 3811 H
458 3761 547 3827 (corr):
565 3773 632 3829 txtg
727 3779 741 3829 7
758 3765 936 3832 participamur
950 3770 1057 3832 C(curr)
1159 3785 1187 3820 τι
1205 3771 1393 3820 cumerucifixus
1404 3787 1460 3820 sum
1474 3771 1512 3820 C*

306 3844 473 3892 cumcrucifixi
485 3859 569 3893 sumus
582 3847 604 3895 C
615 3843 687 3911 (corr)
702 3843 707 3910 Ι
721 3863 747 3895 n.
759 3863 819 3912 ergo
830 3849 862 3898 ad
874 3865 911 3913 pr.
924 3851 957 3898 II
969 3847 1041 3913 (coru)
1190 3864 1217 3915 15
1236 3850 1261 3900 in
1277 3851 1321 3901 illa
1336 3851 1389 3902 uita
1399 3854 1432 3902 tt
1441 3851 1513 3918 (corr)

311 3926 338 3973 18
356 3923 395 3972 eff.
413 3939 467 3974 esse
486 3924 572 3974 C*H
685 3943 714 3977 τι
733 3943 771 3993 sq.
790 3928 1192 3994 Coisl.204f.20b[Cr.vi.42.
1230 3931 1271 3982 Fr.
1290 3933 1355 3995 ¹²4]-
1389 3935 1509 3999 Orbium

307 4007 382 4054 αλλοι
393 4009 469 4054 πάλιν
480 4005 524 4055 ὧδε
535 4007 617 4067 φησίν·
635 4008 686 4070 ἐπ,
701 4011 773 4058 κ,τ.λ.

342 4151 377 4185 ιο.
407 4135 466 4186 ‘hoc
489 4137 663 4201 cogruscmtes‚'
680 4139 737 4201 δια]
758 4141 831 4191 Rom.
850 4142 882 4192 vi.
937 4143 1035 4192 πάντων
1051 4145 1182 4206 ἀνθρώπων
1197 4142 1265 4206 αὐτῷ
1279 4147 1460 4208 συμμετασχεῖν
1476 4143 1514 4196 ἕλ-

306 4215 330 4272 6,
359 4215 442 4265 where
470 4217 518 4266 Tb.
547 4227 700 4270 comments:
731 4221 766 4282 τῷ
793 4219 886 4283 χριστῷ
936 4219 1052 4288 πιζίυταν
1062 4224 1105 4285 τῆς
1116 4223 1276 4277 ἀναστάσεως.

307 4294 585 4360 (pnolrilmvpouhp
598 4298 680 4364 ὥσπερ
697 4301 784 4351 ἅπασα
799 4301 886 4363 sinivi
971 4321 1009 4371 19.
1038 4307 1139 4356 ‘etenim
1157 4305 1391 4368 nosunrnes,'81c.]
1425 4307 1513 4358 1Cor.

308 4378 354 4424 ὑπὸ
376 4378 421 4437 τὴν
443 4375 579 4439 θνητίτητα
606 4384 701 4443 κειμένη
723 4383 794 4445 φύσις
820 4401 885 4434 αντε·
937 4387 977 4436 xii.
995 4401 1038 4450 13:
1055 4389 1121 4438 cited
1133 4389 1206 4454 again
1217 4406 1250 4439 on
1263 4389 1328 4453 Epir.
1344 4389 1358 4438 i.
1375 4403 1415 4452 23·

307 4459 441 4519 σταυρώθη,
452 4457 537 4520 ἐπειδὴ
546 4462 584 4508 καί
596 4461 664 4510 πᾶσα
671 4462 736 4524 αὐτῷ
742 4467 882 4526 συνανέστη,
