3342 5224
301 383 342 462 36
632 393 860 446 rneooouus
884 390 1176 444 lloesuesTENus
1233 374 1506 459 [11.21-111.2.

365 553 438 624 iure
460 560 495 623 id
518 561 626 640 dixit;
648 560 675 623 si
698 559 787 623 enim
810 579 871 643 pru
894 568 1009 622 nostra
1031 557 1266 622 iustificatione
1281 556 1395 620 omnia
1415 556 1508 632 fiunt,

300 662 365 725 hoc
380 670 437 738 est,
453 662 481 727 si
497 671 610 726 autem
635 662 732 726 nobis
747 682 791 726 ex
807 661 881 745 lege
902 661 1031 744 adquiri
1054 669 1195 745 poterat,
1211 658 1379 744 superflua
1394 658 1508 740 utique

302 768 364 832 luit
387 789 476 833 mors
502 767 633 846 Christi,
657 768 737 832 nihil
764 768 908 852 amplius
930 768 1114 851 perficiens.
1158 767 1280 831 deinde
1304 765 1444 830 uertitur
1465 764 1507 827 ad

302 872 381 936 fidei
396 871 689 937 confirmationem.
735 881 770 936 et
785 873 864 956 quia
878 873 1111 956 probationem
1130 879 1202 936 erat
1224 870 1422 945 adiecturus,
1439 867 1509 932 nul-

272 976 372 1051 slam
397 974 650 1058 ambiguitatem
678 975 841 1040 sustinere
867 975 1098 1054 sufficientem,
1123 996 1163 1039 eo
1189 973 1281 1058 quod
1310 993 1377 1036 non
1401 971 1509 1035 uerbis

304 1085 415 1141 autem
431 1097 532 1161 opere
547 1077 617 1141 eius
632 1086 703 1140 erat
719 1077 828 1141 sutura
848 1077 1023 1161 probatio;
1045 1077 1088 1141 ad
1110 1077 1369 1159 increpationem
1387 1073 1509 1156 incipit,

304 1178 474 1243 conlidens
498 1179 625 1243 nullam
650 1198 748 1263 posse
771 1180 934 1243 sustinere
953 1180 1215 1244 controuersiam
1238 1176 1295 1242 illa
1319 1196 1406 1262 quae
1430 1196 1450 1239 a
1473 1195 1509 1238 se

305 1282 448 1348 dicenda
462 1294 578 1350 erant:

369 1447 387 1490 0
410 1425 568 1489 insensati
591 1425 738 1506 Galatae,
761 1425 835 1507 quis
858 1446 916 1489 aas
928 1424 1145 1507 sasa'naait?
1174 1425 1291 1508 quibas
1311 1433 1387 1487 ante
1407 1422 1511 1487 oculos

254 1536 292 1583 10
304 1525 395 1591 Iesus
412 1527 563 1593 Christus
569 1529 770 1612 proscriptas
783 1538 838 1605 cst,
852 1537 885 1591 et
897 1528 934 1592 in
948 1527 1039 1591 scobis
1052 1526 1225 1610 crucifixus
1239 1534 1294 1589 cst.

371 1656 443 1720 uult
458 1657 594 1740 quidem
609 1658 719 1721 dicere
734 1657 893 1739 quoniam
910 1663 1006 1720 ‘cum
1022 1655 1130 1719 multo
1154 1655 1274 1720 affectu
1291 1653 1392 1718 uerba
1407 1652 1512 1716 crucis

245 1775 246 1778 ’
306 1758 454 1822 audistis.
498 1769 634 1843 propter
652 1759 742 1842 quod
765 1767 800 1822 et
815 1759 1001 1822 credidistis
1020 1757 1083 1820 illis
1101 1757 1198 1821 bonis
1222 1775 1308 1838 quae
1333 1754 1430 1818 nobis
1454 1771 1529 1836 per,

307 1883 383 1926 eum
405 1864 572 1946 adquisita
593 1873 680 1940 sunt,
699 1864 746 1927 ita
769 1872 808 1927 ut
828 1871 862 1926 et
883 1870 963 1925 ante
983 1859 1098 1925 oculos
1124 1872 1252 1927 uestros
1276 1862 1377 1946 paulo
1400 1861 1512 1923 minus

306 1967 530 2050 depingeretis
557 1968 664 2051 ipsam
691 1985 823 2031 crucem
849 1975 883 2030 et
904 1966 962 2030 illa
980 1986 1067 2048 quae
1089 1987 1130 2030 eo
1148 1975 1299 2050 tempore
1322 1967 1511 2031 factasunt.
1538 2035 1543 2043 ,

255 2083 290 2149 15
307 2090 374 2153 qua
400 2091 479 2152 ergo
505 2070 722 2134 fascinatione
751 2079 884 2134 tantum
915 2071 1082 2134 abiecistis
1112 2070 1279 2146 affectum,
1303 2092 1403 2154 quem
1434 2093 1512 2156 erga

309 2171 478 2236 Christum
493 2172 616 2237 habere
633 2173 836 2237 uidebamini
848 2173 873 2237 t’
918 2174 1128 2237 interiectum
1145 2182 1195 2236 est
1211 2182 1325 2237 autem
1340 2183 1450 2238 totum
1468 2175 1513 2239 ab

308 2274 366 2337 illo
392 2274 474 2350 loco,
498 2295 565 2358 quo
595 2275 691 2351 dixit,
716 2277 791 2358 quis
813 2298 871 2340 uos
888 2276 1100 2360 fascc'aauit;
1131 2286 1264 2358 poterat
1288 2281 1377 2344 enim
1405 2282 1512 2365 ipsam

308 2379 567 2462 increpationem
594 2374 740 2442 curuare.
779 2398 858 2442 nam
887 2379 931 2442 ad
955 2379 1037 2443 illud
1062 2379 1153 2461 quod
1177 2379 1285 2444 dixit:
1309 2401 1328 2444 a
1354 2381 1514 2447 insensati

310 2479 456 2560 Galatae,
472 2489 715 2563 consequenter
729 2489 850 2563 postea
865 2482 1005 2546 adiecit:

253 2633 295 2681 20
372 2615 553 2680 bassalum
577 2615 649 2680 uolo
671 2616 790 2680 discere
812 2638 835 2680 a
858 2617 949 2682 uobis
956 2640 968 2696 ;
1002 2638 1041 2681 ex
1064 2616 1212 2700 operibus
1234 2617 1316 2702 legis
1347 2618 1512 2702 Spiritum

308 2718 479 2802 accepistis,
493 2739 537 2782 aa
552 2739 591 2782 ex
603 2718 720 2783 auditu
727 2718 815 2804 fidei
822 2718 840 2783 i
1284 2721 1285 2726 ’

357 2899 474 2950 somnia
485 2897 543 2963 (for
557 2897 651 2962 sutem)
671 2897 776 2964 Char)
809 2908 851 2950 aut
870 2901 905 2950 H
913 2899 917 2965 Ι
932 2908 1048 2966 poterant
1068 2902 1090 2951 C
1108 2899 1180 2966 (corr)
1326 2901 1402 2952 daut
1423 2902 1488 2953 CH
1495 2901 1500 2963 1

308 2981 361 3031 eius
379 2981 396 3030 f.
417 2997 440 3031 e.
460 2981 608 3046 approbatio
627 2981 661 3030 H
767 2996 796 3030 ro
812 2982 978 3047 praescriptus
991 2983 1013 3032 C
1023 2982 1065 3044 [ci.
1078 2998 1103 3047 p.
1120 2995 1158 3045 17,
1175 2983 1191 3032 l.
1208 2997 1244 3044 rr,
1263 2998 1303 3032 vv.
1317 2983 1357 3044 ll.]
1371 2981 1375 3048 Ι
1390 2993 1415 3034 et
1431 3000 1470 3034 om
1487 2983 1519 3032 H

312 3077 341 3126 ¹3
358 3062 502 3127 adquaesila
516 3062 577 3112 CH
661 3077 689 3126 15
707 3063 767 3128 quia
778 3063 904 3130 (terqua)
916 3065 949 3114 H
958 3067 962 3129 Ι
977 3064 1080 3116 abiectis
1091 3063 1137 3113 H*
1223 3079 1252 3129 ¹7
1269 3066 1337 3130 quod
1353 3066 1416 3115 dixit
1436 3065 1474 3116 C*
1486 3065 1518 3115 H

311 3157 342 3194 ao
354 3143 481 3194 Christum
493 3143 551 3208 (sor
562 3143 694 3209 Spiritum)
708 3145 730 3194 C
738 3147 772 3195 H

344 3294 367 3331 a.
401 3279 526 3340 siarcum]
546 3280 710 3344 εἴτερᾶραῼ)
724 3280 833 3345 (Thus).
938 3282 1035 3332 dicere:
1064 3281 1113 3331 hoc
1135 3281 1216 3332 solum
1242 3281 1302 3331 uolo
1326 3298 1342 3331 a
1367 3282 1440 3331 uobis
1467 3281 1514 3331 dis·

344 3375 367 3424 5.
405 3377 456 3410 nors
468 3361 549 3411 uerbis
564 3368 646 3412 autem
659 3363 739 3426 opere]
762 3363 789 3413 ου’
806 3360 889 3426 λόγου
938 3381 993 3415 cere
1001 3365 1046 3414 ''...
1082 3365 1137 3415 The
1154 3365 1257 3429 reading
1278 3365 1308 3414 oi
1325 3381 1372 3414 our
1394 3365 1471 3414 MSS.
1496 3364 1516 3413 is

311 3439 449 3504 amem.
472 3443 527 3492 The
539 3443 616 3494 MSS.
627 3444 684 3508 gire
695 3452 741 3494 aut
751 3445 889 3506 (doubtless
938 3447 1043 3498 obscure
1053 3465 1061 3510 ;
1084 3447 1196 3512 possibly
1214 3463 1229 3496 a
1247 3447 1298 3497 line
1316 3447 1362 3497 has
1381 3447 1455 3513 dropt
1473 3455 1517 3498 out

312 3524 351 3574 ior
360 3523 432 3586 (καῖ’),
443 3524 526 3574 which
538 3524 606 3574 Pitra
616 3525 691 3576 alters
702 3527 755 3576 into
763 3527 809 3578 sed.
846 3528 889 3578 On
940 3529 1003 3578 aster
1015 3544 1126 3578 mamre
1131 3545 1143 3589 ;
1159 3529 1201 3578 the
1220 3529 1301 3579 whole
1317 3545 1376 3592 may
1391 3529 1456 3579 have
1471 3545 1516 3579 run

311 3607 355 3658 the
370 3606 440 3672 place
459 3607 489 3656 oi
505 3614 587 3658 autem
608 3607 634 3657 in
657 3609 700 3658 the
718 3619 835 3660 sentence
856 3608 888 3660 cf.
939 3611 1014 3661 thus:
1038 3616 1087 3676 “p.
1107 3613 1173 3662 enim
1192 3613 1273 3676 ipsam
1291 3612 1353 3662 incr.
1367 3629 1469 3663 curuare
1485 3612 1517 3662 ad

313 3686 480 3748 Hildebrand,
492 3687 620 3750 Apuleius.
634 3690 651 3736 i.
665 3704 720 3752 ²34·
939 3693 1002 3744 illud
1018 3695 1086 3760 quod
1103 3694 1179 3745 dixit:
1197 3695 1240 3744 trac
1250 3695 1337 3754 salum,
1350 3701 1401 3755 cta,
1414 3710 1473 3743 nam
1485 3693 1517 3742 acl

349 3785 385 3819 ιο.
421 3771 448 3818 in
461 3769 537 3830 uotis]
556 3771 604 3819 Th.
620 3767 889 3828 readstriaivissav·
940 3775 1010 3833 illud,
1028 3773 1094 3826 etc.”
1125 3775 1162 3827 Or
1180 3792 1288 3825 crimme
1306 3775 1327 3824 is
1345 3791 1377 3824 an
1396 3790 1463 3824 error
1480 3774 1517 3823 l'or

313 3851 422 3913 ρωμένος.
458 3853 493 3902 So
506 3852 693 3916 Chrys,Thdt.
707 3852 752 3915 (ad
759 3853 783 3901 Ιι.
795 3852 835 3913 1.).
940 3873 1044 3916 caram
1063 3857 1094 3907 cs.
1114 3857 1194 3922 infra,
1211 3873 1244 3906 on
1258 3873 1281 3906 c.
1297 3873 1322 3905 v.
1340 3872 1370 3906 10
1390 3859 1420 3920 (ἥ
1428 3872 1518 3907 sanans

350 3949 387 3982 ιι.
411 3933 467 3982 uult
482 3933 786 3998 qur'ciem...uidebamim]
816 3933 891 3984 Cited
941 3937 1016 3997 eos”‚
1031 3940 1144 3989 “curans
1160 3935 1303 3998 Galatas'’).
1331 3937 1381 3988 For
1395 3939 1468 3988 other
1481 3939 1518 3988 in·

314 4015 348 4081 by
360 4015 489 4066 lanfranc
941 4026 1038 4069 stances
1056 4021 1085 4069 oi
1103 4017 1176 4070 Th.'s
1193 4019 1264 4069 habit
1282 4019 1312 4069 oi
1324 4020 1468 4085 explaining
1486 4036 1518 4068 an

349 4095 386 4148 16.
411 4097 562 4147 inter-rectum
582 4093 629 4160 est]
656 4096 699 4148 ie.
724 4096 766 4147 the
793 4097 892 4147 natural
941 4098 1057 4150 involved
1070 4108 1121 4151 text
1133 4100 1466 4166 byaparenthesis,seepp.
1479 4102 1516 4159 18,

314 4195 435 4244 sequence
449 4179 534 4229 would
551 4179 591 4239 be,
612 4177 632 4226 ui
649 4179 746 4239 trimos
762 4179 799 4240 1¹,
819 4182 891 4228 τοῦτο
945 4195 981 4246 19,
994 4194 1034 4244 47.

314 4261 385 4319 μόνον
396 4261 459 4307 θέλω
473 4261 558 4319 μαθεῖν
573 4255 614 4320 ἀφ’
630 4257 702 4318 ὑμῶν,
717 4262 791 4309 mh.
825 4259 891 4308 Lan·
974 4277 1015 4311 ao.
1038 4259 1170 4324 Spiritum]
1207 4261 1342 4319 Christum,
1359 4258 1402 4310 the
1418 4259 1521 4324 reading

313 4342 383 4391 frenc
393 4341 462 4405 gives
473 4341 516 4391 the
527 4357 598 4391 sense
609 4341 638 4390 ol'
652 4341 701 4392 this
712 4341 812 4392 clause:
832 4342 891 4392 “in-
941 4341 971 4390 of
978 4341 1021 4390 the
1032 4341 1118 4401 MSS„
1132 4357 1179 4391 can
1190 4341 1422 4405 scarcelybemore
1433 4340 1520 4389 thana

314 4423 442 4473 teriectum
453 4429 499 4479 est.
511 4423 544 4471 ab
555 4437 586 4472 eo
597 4421 653 4471 loco
666 4437 744 4489 usque
761 4423 793 4472 ad
809 4423 890 4472 bunc:
941 4422 1058 4489 copyist’s
1065 4439 1139 4474 error.
1160 4423 1208 4474 See
1216 4423 1257 4471 the
1266 4437 1365 4470 comm..
1372 4421 1421 4483 Just
1430 4421 1518 4470 beloti.

314 4505 394 4552 solum
412 4503 470 4564 [hoc
486 4503 566 4553 solum
575 4503 603 4564 η,
623 4503 666 4553 &a
709 4513 806 4568 poterat
824 4507 890 4554 enim
