<?xml version="1.0" encoding="UTF-8"?>
<!DOCTYPE html PUBLIC "-//W3C//DTD XHTML 1.0 Transitional//EN"
    "http://www.w3.org/TR/xhtml1/DTD/xhtml1-transitional.dtd">
<html xmlns="http://www.w3.org/1999/xhtml" xml:lang="en" lang="en">
 <head>
  <title>
</title>
<meta http-equiv="Content-Type" content="text/html;charset=utf-8" />
  <meta name='ocr-system' content='tesseract 3.04.00' />
  <meta name='ocr-capabilities' content='ocr_page ocr_carea ocr_par ocr_line ocrx_word'/>
</head>
<body>
  <div class='ocr_page' id='page_1' title='image "./theodoriepiscop01theogoog_0309.png"; bbox 0 0 3340 5232; ppageno 0'>
   <div class='ocr_carea' id='block_1_1' title="bbox 287 320 1496 404">
    <p class='ocr_par' dir='ltr' id='par_1_1' title="bbox 287 320 1496 404">
     <span class='ocr_line' id='line_1_1' title="bbox 287 320 1496 404; baseline -0.002 -20"><span class='ocrx_word' id='word_1_1' title='bbox 287 339 351 385; x_wconf 89' lang='lat'>210</span> <span class='ocrx_word' id='word_1_2' title='bbox 612 333 839 386; x_wconf 77' lang='lat' dir='ltr'>snsononus</span> <span class='ocrx_word' id='word_1_3' title='bbox 863 331 1154 386; x_wconf 75' lang='lat' dir='ltr'>Moesuusasnus</span> <span class='ocrx_word' id='word_1_4' title='bbox 1385 320 1425 404; x_wconf 90' lang='grc' dir='ltr'>[Ι.</span> <span class='ocrx_word' id='word_1_5' title='bbox 1442 337 1496 384; x_wconf 87' lang='lat'>20.</span> 
     </span>
    </p>
   </div>
   <div class='ocr_carea' id='block_1_2' title="bbox 252 504 1496 1203">
    <p class='ocr_par' dir='ltr' id='par_1_2' title="bbox 285 504 1496 895">
     <span class='ocr_line' id='line_1_2' title="bbox 285 504 1494 589; baseline 0 -23"><span class='ocrx_word' id='word_1_6' title='bbox 285 504 411 587; x_wconf 88' lang='lat' dir='ltr'>gloriae</span> <span class='ocrx_word' id='word_1_7' title='bbox 434 505 644 589; x_wconf 88' lang='lat' dir='ltr'><strong>splendorem</strong></span> <span class='ocrx_word' id='word_1_8' title='bbox 670 527 730 589; x_wconf 93' lang='lat' dir='ltr'>pro</span> <span class='ocrx_word' id='word_1_9' title='bbox 755 507 857 571; x_wconf 93' lang='lat' dir='ltr'>modo</span> <span class='ocrx_word' id='word_1_10' title='bbox 882 507 960 570; x_wconf 91' lang='lat' dir='ltr'>fidei</span> <span class='ocrx_word' id='word_1_11' title='bbox 985 507 1039 570; x_wconf 89' lang='lat' dir='ltr'>uel</span> <span class='ocrx_word' id='word_1_12' title='bbox 1062 505 1214 570; x_wconf 91' lang='lat' dir='ltr'>laborum</span> <span class='ocrx_word' id='word_1_13' title='bbox 1237 527 1257 568; x_wconf 91' lang='lat' dir='ltr'>a</span> <span class='ocrx_word' id='word_1_14' title='bbox 1281 505 1406 588; x_wconf 88' lang='lat' dir='ltr'>Spiritu</span> <span class='ocrx_word' id='word_1_15' title='bbox 1427 505 1494 568; x_wconf 86' lang='lat' dir='ltr'>sibi</span> 
     </span>
     <span class='ocr_line' id='line_1_3' title="bbox 285 607 1496 692; baseline 0.001 -24"><span class='ocrx_word' id='word_1_16' title='bbox 285 607 402 670; x_wconf 91' lang='lat' dir='ltr'>itidem</span> <span class='ocrx_word' id='word_1_17' title='bbox 418 608 489 670; x_wconf 89' lang='lat' dir='ltr'>dari</span> <span class='ocrx_word' id='word_1_18' title='bbox 509 609 743 690; x_wconf 68' lang='lat' dir='ltr'><strong>expectabant.</strong></span> <span class='ocrx_word' id='word_1_19' title='bbox 787 609 873 672; x_wconf 90' lang='lat' dir='ltr'>bene</span> <span class='ocrx_word' id='word_1_20' title='bbox 895 629 973 692; x_wconf 88' lang='lat' dir='ltr'>ergo</span> <span class='ocrx_word' id='word_1_21' title='bbox 992 607 1324 673; x_wconf 80' lang='lat' dir='ltr'>subministrationem</span> <span class='ocrx_word' id='word_1_22' title='bbox 1344 607 1496 688; x_wconf 84' lang='lat' dir='ltr'>Spiritus</span> 
     </span>
     <span class='ocr_line' id='line_1_4' title="bbox 285 706 1494 794; baseline 0.002 -25"><span class='ocrx_word' id='word_1_23' title='bbox 285 706 381 783; x_wconf 87' lang='lat' dir='ltr'>dixit,</span> <span class='ocrx_word' id='word_1_24' title='bbox 398 717 435 771; x_wconf 91' lang='lat' dir='ltr'>ut</span> <span class='ocrx_word' id='word_1_25' title='bbox 461 707 588 792; x_wconf 87' lang='lat' dir='ltr'>largam</span> <span class='ocrx_word' id='word_1_26' title='bbox 613 710 799 773; x_wconf 87' lang='lat' dir='ltr'>mercedem</span> <span class='ocrx_word' id='word_1_27' title='bbox 826 710 1027 794; x_wconf 86' lang='lat' dir='ltr'>significaret</span> <span class='ocrx_word' id='word_1_28' title='bbox 1053 721 1087 774; x_wconf 92' lang='lat' dir='ltr'>et</span> <span class='ocrx_word' id='word_1_29' title='bbox 1112 711 1366 774; x_wconf 84' lang='lat' dir='ltr'>retributionum</span> <span class='ocrx_word' id='word_1_30' title='bbox 1396 729 1494 792; x_wconf 85' lang='lat' dir='ltr'>mag-</span> 
     </span>
     <span class='ocr_line' id='line_1_5' title="bbox 285 801 1491 895; baseline 0.001 -25"><span class='ocrx_word' id='word_1_31' title='bbox 285 810 471 873; x_wconf 90' lang='lat' dir='ltr'>nitudinem</span> <span class='ocrx_word' id='word_1_32' title='bbox 495 811 598 890; x_wconf 87' lang='lat' dir='ltr'>illam,</span> <span class='ocrx_word' id='word_1_33' title='bbox 625 833 726 894; x_wconf 91' lang='lat' dir='ltr'>quam</span> <span class='ocrx_word' id='word_1_34' title='bbox 753 801 850 877; x_wconf 83' lang='lat' dir='ltr'>d&#39;ecet</span> <span class='ocrx_word' id='word_1_35' title='bbox 881 813 1042 895; x_wconf 88' lang='lat' dir='ltr'>Spiritum</span> <span class='ocrx_word' id='word_1_36' title='bbox 1072 813 1225 876; x_wconf 90' lang='lat' dir='ltr'>tribuere.</span> <span class='ocrx_word' id='word_1_37' title='bbox 1266 821 1301 876; x_wconf 92' lang='lat' dir='ltr'>et</span> <span class='ocrx_word' id='word_1_38' title='bbox 1330 811 1491 893; x_wconf 92' lang='lat' dir='ltr'>quoniam</span> 
     </span>
    </p>

    <p class='ocr_par' dir='ltr' id='par_1_3' title="bbox 252 913 1491 1203">
     <span class='ocr_line' id='line_1_6' title="bbox 252 913 1490 999; baseline 0.001 -24"><span class='ocrx_word' id='word_1_39' title='bbox 252 913 361 992; x_wconf 74' lang='lat' dir='ltr'>slicet</span> <span class='ocrx_word' id='word_1_40' title='bbox 391 935 512 997; x_wconf 85' lang='lat' dir='ltr'>magna</span> <span class='ocrx_word' id='word_1_41' title='bbox 542 918 608 978; x_wconf 90' lang='lat' dir='ltr'>sint</span> <span class='ocrx_word' id='word_1_42' title='bbox 639 915 695 980; x_wconf 88' lang='lat' dir='ltr'>illa</span> <span class='ocrx_word' id='word_1_43' title='bbox 724 937 810 999; x_wconf 86' lang='lat' dir='ltr'>quae</span> <span class='ocrx_word' id='word_1_44' title='bbox 839 926 1069 998; x_wconf 75' lang='lat' dir='ltr'>expectantur,</span> <span class='ocrx_word' id='word_1_45' title='bbox 1099 916 1159 980; x_wconf 91' lang='lat' dir='ltr'>sed</span> <span class='ocrx_word' id='word_1_46' title='bbox 1193 925 1227 979; x_wconf 95' lang='lat' dir='ltr'>et</span> <span class='ocrx_word' id='word_1_47' title='bbox 1257 915 1490 994; x_wconf 87' lang='lat' dir='ltr'>tribulationes</span> 
     </span>
     <span class='ocr_line' id='line_1_7' title="bbox 284 1016 1491 1101; baseline 0.001 -24"><span class='ocrx_word' id='word_1_48' title='bbox 284 1026 477 1096; x_wconf 88' lang='lat' dir='ltr'>praesentes</span> <span class='ocrx_word' id='word_1_49' title='bbox 503 1038 645 1101; x_wconf 88' lang='lat' dir='ltr'>magnae</span> <span class='ocrx_word' id='word_1_50' title='bbox 671 1028 773 1094; x_wconf 88' lang='lat' dir='ltr'>erant,</span> <span class='ocrx_word' id='word_1_51' title='bbox 799 1019 963 1100; x_wconf 88' lang='lat' dir='ltr'>siquidem</span> <span class='ocrx_word' id='word_1_52' title='bbox 991 1028 1025 1082; x_wconf 90' lang='lat' dir='ltr'>et</span> <span class='ocrx_word' id='word_1_53' title='bbox 1053 1017 1138 1081; x_wconf 89' lang='lat' dir='ltr'>tales</span> <span class='ocrx_word' id='word_1_54' title='bbox 1165 1016 1491 1081; x_wconf 87' lang='lat' dir='ltr'>insidiae’aduersus</span> 
     </span>
     <span class='ocr_line' id='line_1_8' title="bbox 283 1117 1241 1203; baseline 0.003 -24"><span class='ocrx_word' id='word_1_55' title='bbox 283 1135 360 1180; x_wconf 89' lang='lat' dir='ltr'>eum</span> <span class='ocrx_word' id='word_1_56' title='bbox 376 1117 420 1181; x_wconf 89' lang='lat' dir='ltr'>ab</span> <span class='ocrx_word' id='word_1_57' title='bbox 434 1119 484 1181; x_wconf 91' lang='lat' dir='ltr'>his</span> <span class='ocrx_word' id='word_1_58' title='bbox 500 1121 556 1202; x_wconf 90' lang='lat' dir='ltr'>qui</span> <span class='ocrx_word' id='word_1_59' title='bbox 572 1120 720 1183; x_wconf 89' lang='lat' dir='ltr'>eiusdem</span> <span class='ocrx_word' id='word_1_60' title='bbox 737 1119 814 1184; x_wconf 91' lang='lat' dir='ltr'>fidei</span> <span class='ocrx_word' id='word_1_61' title='bbox 831 1129 924 1184; x_wconf 89' lang='lat' dir='ltr'>erant</span> <span class='ocrx_word' id='word_1_62' title='bbox 939 1121 1241 1203; x_wconf 87' lang='lat' dir='ltr'>praeparabantur:</span> 
     </span>
    </p>
   </div>
   <div class='ocr_carea' id='block_1_3' title="bbox 232 1272 1494 1563">
    <p class='ocr_par' dir='ltr' id='par_1_4' title="bbox 232 1272 1494 1563">
     <span class='ocr_line' id='line_1_9' title="bbox 347 1272 1491 1356; baseline 0.002 -22"><span class='ocrx_word' id='word_1_63' title='bbox 347 1273 518 1337; x_wconf 83' lang='lat' dir='ltr'>secundnm</span> <span class='ocrx_word' id='word_1_64' title='bbox 546 1274 792 1355; x_wconf 85' lang='lat' dir='ltr'>desperationem</span> <span class='ocrx_word' id='word_1_65' title='bbox 819 1285 855 1337; x_wconf 92' lang='lat' dir='ltr'>-et</span> <span class='ocrx_word' id='word_1_66' title='bbox 882 1285 967 1356; x_wconf 89' lang='lat' dir='ltr'>spem</span> <span class='ocrx_word' id='word_1_67' title='bbox 997 1295 1100 1338; x_wconf 83' lang='lat' dir='ltr'>aream</span> <span class='ocrx_word' id='word_1_68' title='bbox 1127 1273 1204 1354; x_wconf 87' lang='lat' dir='ltr'>qnia</span> <span class='ocrx_word' id='word_1_69' title='bbox 1229 1272 1267 1336; x_wconf 91' lang='lat' dir='ltr'>in</span> <span class='ocrx_word' id='word_1_70' title='bbox 1290 1272 1391 1336; x_wconf 85' lang='lat' dir='ltr'>nullis</span> <span class='ocrx_word' id='word_1_71' title='bbox 1418 1295 1491 1336; x_wconf 89' lang='lat' dir='ltr'>con-</span> 
     </span>
     <span class='ocr_line' id='line_1_10' title="bbox 275 1375 1494 1461; baseline 0.002 -23"><span class='ocrx_word' id='word_1_72' title='bbox 275 1375 416 1456; x_wconf 83' lang='lat' dir='ltr'>fundar,</span> <span class='ocrx_word' id='word_1_73' title='bbox 435 1377 493 1441; x_wconf 86' lang='lat' dir='ltr'>sed</span> <span class='ocrx_word' id='word_1_74' title='bbox 510 1377 654 1441; x_wconf 85' lang='lat' dir='ltr'>inomni</span> <span class='ocrx_word' id='word_1_75' title='bbox 666 1377 801 1459; x_wconf 85' lang='lat' dir='ltr'>fidncia,</span> <span class='ocrx_word' id='word_1_76' title='bbox 822 1379 907 1441; x_wconf 86' lang='lat' dir='ltr'>sient</span> <span class='ocrx_word' id='word_1_77' title='bbox 926 1389 1048 1460; x_wconf 80' lang='lat' dir='ltr'>semper</span> <span class='ocrx_word' id='word_1_78' title='bbox 1068 1389 1100 1441; x_wconf 89' lang='lat' dir='ltr'>et</span> <span class='ocrx_word' id='word_1_79' title='bbox 1119 1399 1205 1441; x_wconf 80' lang='lat' dir='ltr'>rauna</span> <span class='ocrx_word' id='word_1_80' title='bbox 1225 1377 1494 1461; x_wconf 83' lang='lat' dir='ltr'>magnificabitur</span> 
     </span>
     <span class='ocr_line' id='line_1_11' title="bbox 232 1480 1300 1563; baseline 0.005 -23"><span class='ocrx_word' id='word_1_81' title='bbox 232 1494 270 1542; x_wconf 90' lang='lat'>10</span> <span class='ocrx_word' id='word_1_82' title='bbox 287 1480 435 1546; x_wconf 79' lang='lat' dir='ltr'>Cleristns</span> <span class='ocrx_word' id='word_1_83' title='bbox 449 1481 485 1545; x_wconf 87' lang='lat' dir='ltr'>in</span> <span class='ocrx_word' id='word_1_84' title='bbox 499 1492 624 1563; x_wconf 89' lang='lat' dir='ltr'>corpore</span> <span class='ocrx_word' id='word_1_85' title='bbox 638 1503 711 1556; x_wconf 79' lang='lat' dir='ltr'>raro,</span> <span class='ocrx_word' id='word_1_86' title='bbox 727 1481 796 1545; x_wconf 88' lang='lat' dir='ltr'>sine</span> <span class='ocrx_word' id='word_1_87' title='bbox 802 1491 865 1562; x_wconf 89' lang='lat' dir='ltr'>per</span> <span class='ocrx_word' id='word_1_88' title='bbox 878 1481 991 1558; x_wconf 83' lang='lat' dir='ltr'>uitam,</span> <span class='ocrx_word' id='word_1_89' title='bbox 1007 1481 1077 1544; x_wconf 87' lang='lat' dir='ltr'>sine</span> <span class='ocrx_word' id='word_1_90' title='bbox 1082 1492 1146 1562; x_wconf 88' lang='lat' dir='ltr'>per</span> <span class='ocrx_word' id='word_1_91' title='bbox 1159 1491 1300 1545; x_wconf 89' lang='lat' dir='ltr'>mortem.</span> 
     </span>
    </p>
   </div>
   <div class='ocr_carea' id='block_1_4' title="bbox 229 1599 1492 2615">
    <p class='ocr_par' dir='ltr' id='par_1_5' title="bbox 349 1599 1492 1681">
     <span class='ocr_line' id='line_1_12' title="bbox 349 1599 1492 1681; baseline 0 -20"><span class='ocrx_word' id='word_1_92' title='bbox 349 1599 595 1680; x_wconf 81' lang='lat' dir='ltr'>desperationem</span> <span class='ocrx_word' id='word_1_93' title='bbox 622 1599 794 1662; x_wconf 87' lang='lat' dir='ltr'>euidenter</span> <span class='ocrx_word' id='word_1_94' title='bbox 815 1599 896 1662; x_wconf 91' lang='lat' dir='ltr'>illud</span> <span class='ocrx_word' id='word_1_95' title='bbox 921 1600 1010 1676; x_wconf 88' lang='lat' dir='ltr'>dicit,</span> <span class='ocrx_word' id='word_1_96' title='bbox 1034 1599 1123 1681; x_wconf 93' lang='lat' dir='ltr'>quod</span> <span class='ocrx_word' id='word_1_97' title='bbox 1154 1618 1287 1681; x_wconf 87' lang='lat' dir='ltr'>sperare</span> <span class='ocrx_word' id='word_1_98' title='bbox 1317 1618 1383 1662; x_wconf 92' lang='lat' dir='ltr'>non</span> <span class='ocrx_word' id='word_1_99' title='bbox 1412 1618 1492 1680; x_wconf 90' lang='lat' dir='ltr'>pos-</span> 
     </span>
    </p>

    <p class='ocr_par' dir='ltr' id='par_1_6' title="bbox 283 1700 1491 1785">
     <span class='ocr_line' id='line_1_13' title="bbox 283 1700 1491 1785; baseline 0.002 -21"><span class='ocrx_word' id='word_1_100' title='bbox 283 1700 336 1765; x_wconf 89' lang='lat' dir='ltr'>sit.</span> <span class='ocrx_word' id='word_1_101' title='bbox 381 1702 454 1766; x_wconf 92' lang='lat' dir='ltr'>uult</span> <span class='ocrx_word' id='word_1_102' title='bbox 469 1703 558 1766; x_wconf 89' lang='lat' dir='ltr'>enim</span> <span class='ocrx_word' id='word_1_103' title='bbox 574 1703 688 1766; x_wconf 89' lang='lat' dir='ltr'>dicere.</span> <span class='ocrx_word' id='word_1_104' title='bbox 703 1704 861 1784; x_wconf 89' lang='lat' dir='ltr'>quoniam</span> <span class='ocrx_word' id='word_1_105' title='bbox 883 1703 977 1766; x_wconf 88' lang='lat' dir='ltr'>‘licet</span> <span class='ocrx_word' id='word_1_106' title='bbox 993 1705 1026 1765; x_wconf 95' lang='lat' dir='ltr'>in</span> <span class='ocrx_word' id='word_1_107' title='bbox 1042 1703 1146 1766; x_wconf 90' lang='lat' dir='ltr'>tantis</span> <span class='ocrx_word' id='word_1_108' title='bbox 1161 1703 1368 1785; x_wconf 85' lang='lat' dir='ltr'>constringar</span> <span class='ocrx_word' id='word_1_109' title='bbox 1382 1701 1491 1777; x_wconf 67' lang='lat' dir='ltr'>malis</span> 
     </span>
    </p>

    <p class='ocr_par' dir='ltr' id='par_1_7' title="bbox 283 1804 1491 1891">
     <span class='ocr_line' id='line_1_14' title="bbox 283 1804 1491 1891; baseline -0.001 -20"><span class='ocrx_word' id='word_1_110' title='bbox 283 1818 320 1872; x_wconf 91' lang='lat' dir='ltr'>ut</span> <span class='ocrx_word' id='word_1_111' title='bbox 338 1807 512 1890; x_wconf 89' lang='lat' dir='ltr'>desperem</span> <span class='ocrx_word' id='word_1_112' title='bbox 530 1806 574 1871; x_wconf 92' lang='lat' dir='ltr'>de</span> <span class='ocrx_word' id='word_1_113' title='bbox 596 1807 836 1891; x_wconf 70' lang='lat' dir='ltr'>praesentibus</span> <span class='ocrx_word' id='word_1_114' title='bbox 858 1817 892 1871; x_wconf 91' lang='lat' dir='ltr'>et</span> <span class='ocrx_word' id='word_1_115' title='bbox 912 1806 1037 1870; x_wconf 88' lang='lat' dir='ltr'>nullam</span> <span class='ocrx_word' id='word_1_116' title='bbox 1058 1806 1271 1870; x_wconf 89' lang='lat' dir='ltr'>subrelictam</span> <span class='ocrx_word' id='word_1_117' title='bbox 1292 1804 1372 1869; x_wconf 91' lang='lat' dir='ltr'>mihi</span> <span class='ocrx_word' id='word_1_118' title='bbox 1393 1826 1491 1889; x_wconf 89' lang='lat' dir='ltr'>spem</span> 
     </span>
    </p>

    <p class='ocr_par' dir='ltr' id='par_1_8' title="bbox 282 1907 1492 1991">
     <span class='ocr_line' id='line_1_15' title="bbox 282 1907 1492 1991; baseline 0 -19"><span class='ocrx_word' id='word_1_119' title='bbox 282 1908 398 1972; x_wconf 87' lang='lat' dir='ltr'>salutis</span> <span class='ocrx_word' id='word_1_120' title='bbox 411 1930 483 1973; x_wconf 87' lang='lat' dir='ltr'>esse</span> <span class='ocrx_word' id='word_1_121' title='bbox 496 1911 695 1986; x_wconf 87' lang='lat' dir='ltr'>existimem,</span> <span class='ocrx_word' id='word_1_122' title='bbox 706 1908 766 1972; x_wconf 92' lang='lat' dir='ltr'>sed</span> <span class='ocrx_word' id='word_1_123' title='bbox 779 1918 858 1972; x_wconf 90' lang='lat' dir='ltr'>tunc</span> <span class='ocrx_word' id='word_1_124' title='bbox 869 1930 967 1991; x_wconf 91' lang='lat' dir='ltr'>spero</span> <span class='ocrx_word' id='word_1_125' title='bbox 977 1931 1043 1972; x_wconf 94' lang='lat' dir='ltr'>non</span> <span class='ocrx_word' id='word_1_126' title='bbox 1054 1907 1220 1984; x_wconf 81' lang='lat' dir='ltr'>confundi,</span> <span class='ocrx_word' id='word_1_127' title='bbox 1231 1908 1330 1972; x_wconf 88' lang='lat' dir='ltr'>ualde</span> <span class='ocrx_word' id='word_1_128' title='bbox 1342 1908 1492 1985; x_wconf 78' lang='lat' dir='ltr'>edoctuS,</span> 
     </span>
    </p>

    <p class='ocr_par' dir='ltr' id='par_1_9' title="bbox 231 2010 1490 2098">
     <span class='ocr_line' id='line_1_16' title="bbox 231 2010 1490 2098; baseline 0 -22"><span class='ocrx_word' id='word_1_129' title='bbox 231 2025 266 2094; x_wconf 82' lang='lat'>15</span> <span class='ocrx_word' id='word_1_130' title='bbox 283 2015 441 2095; x_wconf 89' lang='lat' dir='ltr'>quoniam</span> <span class='ocrx_word' id='word_1_131' title='bbox 458 2035 599 2097; x_wconf 87' lang='lat' dir='ltr'>magnus</span> <span class='ocrx_word' id='word_1_132' title='bbox 621 2035 681 2098; x_wconf 93' lang='lat' dir='ltr'>per</span> <span class='ocrx_word' id='word_1_133' title='bbox 700 2013 756 2076; x_wconf 93' lang='lat' dir='ltr'>illa</span> <span class='ocrx_word' id='word_1_134' title='bbox 773 2034 860 2095; x_wconf 89' lang='lat' dir='ltr'>quae</span> <span class='ocrx_word' id='word_1_135' title='bbox 883 2034 961 2096; x_wconf 86' lang='lat' dir='ltr'>erga</span> <span class='ocrx_word' id='word_1_136' title='bbox 977 2033 1031 2076; x_wconf 93' lang='lat' dir='ltr'>me</span> <span class='ocrx_word' id='word_1_137' title='bbox 1051 2022 1129 2076; x_wconf 88' lang='lat' dir='ltr'>sunt</span> <span class='ocrx_word' id='word_1_138' title='bbox 1145 2012 1312 2076; x_wconf 91' lang='lat' dir='ltr'>uidebitur</span> <span class='ocrx_word' id='word_1_139' title='bbox 1328 2010 1490 2087; x_wconf 87' lang='lat' dir='ltr'>Christus,</span> 
     </span>
    </p>

    <p class='ocr_par' dir='ltr' id='par_1_10' title="bbox 282 2114 1492 2199">
     <span class='ocr_line' id='line_1_17' title="bbox 282 2114 1492 2199; baseline 0.002 -21"><span class='ocrx_word' id='word_1_140' title='bbox 282 2118 353 2180; x_wconf 91' lang='lat' dir='ltr'>siue</span> <span class='ocrx_word' id='word_1_141' title='bbox 384 2119 504 2193; x_wconf 88' lang='lat' dir='ltr'>uiuam,</span> <span class='ocrx_word' id='word_1_142' title='bbox 531 2118 602 2181; x_wconf 90' lang='lat' dir='ltr'>siue</span> <span class='ocrx_word' id='word_1_143' title='bbox 632 2118 773 2194; x_wconf 92' lang='lat' dir='ltr'>moriar;</span> <span class='ocrx_word' id='word_1_144' title='bbox 806 2137 914 2199; x_wconf 88' lang='lat' dir='ltr'>neque</span> <span class='ocrx_word' id='word_1_145' title='bbox 941 2125 1083 2180; x_wconf 89' lang='lat' dir='ltr'>mortem</span> <span class='ocrx_word' id='word_1_146' title='bbox 1114 2136 1224 2179; x_wconf 88' lang='lat' dir='ltr'>meam</span> <span class='ocrx_word' id='word_1_147' title='bbox 1254 2116 1325 2179; x_wconf 85' lang='lat' dir='ltr'>fieri</span> <span class='ocrx_word' id='word_1_148' title='bbox 1356 2114 1492 2180; x_wconf 92' lang='lat' dir='ltr'>Christo</span> 
     </span>
    </p>

    <p class='ocr_par' dir='ltr' id='par_1_11' title="bbox 283 2219 1491 2303">
     <span class='ocr_line' id='line_1_18' title="bbox 283 2219 1491 2303; baseline -0.003 -16"><span class='ocrx_word' id='word_1_149' title='bbox 283 2223 437 2287; x_wconf 88' lang='lat' dir='ltr'>absolute</span> <span class='ocrx_word' id='word_1_150' title='bbox 456 2223 660 2286; x_wconf 89' lang='lat' dir='ltr'>concedente</span> <span class='ocrx_word' id='word_1_151' title='bbox 683 2231 740 2285; x_wconf 88' lang='lat' dir='ltr'>aut</span> <span class='ocrx_word' id='word_1_152' title='bbox 764 2222 866 2286; x_wconf 81' lang='lat' dir='ltr'>uane&#39;</span> <span class='ocrx_word' id='word_1_153' title='bbox 911 2230 946 2284; x_wconf 89' lang='lat' dir='ltr'>et</span> <span class='ocrx_word' id='word_1_154' title='bbox 968 2221 1126 2303; x_wconf 88' lang='lat' dir='ltr'>quoniam</span> <span class='ocrx_word' id='word_1_155' title='bbox 1148 2221 1237 2284; x_wconf 89' lang='lat' dir='ltr'>dixit</span> <span class='ocrx_word' id='word_1_156' title='bbox 1257 2220 1336 2302; x_wconf 89' lang='lat' dir='ltr'>quia</span> <span class='ocrx_word' id='word_1_157' title='bbox 1362 2219 1491 2303; x_wconf 82' lang='lat' dir='ltr'>magni·</span> 
     </span>
    </p>

    <p class='ocr_par' dir='ltr' id='par_1_12' title="bbox 274 2322 1492 2410">
     <span class='ocr_line' id='line_1_19' title="bbox 274 2322 1492 2410; baseline -0.001 -22"><span class='ocrx_word' id='word_1_158' title='bbox 274 2326 436 2410; x_wconf 86' lang='lat' dir='ltr'>ficabitnr</span> <span class='ocrx_word' id='word_1_159' title='bbox 462 2324 618 2401; x_wconf 75' lang='lat' dir='ltr'>Christos,</span> <span class='ocrx_word' id='word_1_160' title='bbox 650 2323 714 2388; x_wconf 93' lang='lat' dir='ltr'>hoc</span> <span class='ocrx_word' id='word_1_161' title='bbox 746 2334 860 2388; x_wconf 88' lang='lat' dir='ltr'>autem</span> <span class='ocrx_word' id='word_1_162' title='bbox 895 2325 1037 2388; x_wconf 91' lang='lat' dir='ltr'>necdum</span> <span class='ocrx_word' id='word_1_163' title='bbox 1075 2324 1306 2408; x_wconf 90' lang='lat' dir='ltr'>probationem</span> <span class='ocrx_word' id='word_1_164' title='bbox 1343 2322 1492 2387; x_wconf 90' lang='lat' dir='ltr'>habebat</span> 
     </span>
    </p>

    <p class='ocr_par' dir='ltr' id='par_1_13' title="bbox 229 2426 1490 2615">
     <span class='ocr_line' id='line_1_20' title="bbox 285 2426 1490 2512; baseline -0.001 -20"><span class='ocrx_word' id='word_1_165' title='bbox 285 2429 414 2493; x_wconf 91' lang='lat' dir='ltr'>illorum</span> <span class='ocrx_word' id='word_1_166' title='bbox 439 2449 525 2510; x_wconf 90' lang='lat' dir='ltr'>quae</span> <span class='ocrx_word' id='word_1_167' title='bbox 548 2449 627 2512; x_wconf 83' lang='lat' dir='ltr'>erga</span> <span class='ocrx_word' id='word_1_168' title='bbox 649 2449 725 2492; x_wconf 93' lang='lat' dir='ltr'>eum</span> <span class='ocrx_word' id='word_1_169' title='bbox 752 2437 854 2506; x_wconf 91' lang='lat' dir='ltr'>erant,</span> <span class='ocrx_word' id='word_1_170' title='bbox 878 2428 1057 2492; x_wconf 89' lang='lat' dir='ltr'>ostendens</span> <span class='ocrx_word' id='word_1_171' title='bbox 1079 2429 1238 2510; x_wconf 91' lang='lat' dir='ltr'>quoniam</span> <span class='ocrx_word' id='word_1_172' title='bbox 1261 2437 1295 2492; x_wconf 90' lang='lat' dir='ltr'>et</span> <span class='ocrx_word' id='word_1_173' title='bbox 1317 2426 1382 2491; x_wconf 90' lang='lat' dir='ltr'>hoc</span> <span class='ocrx_word' id='word_1_174' title='bbox 1401 2427 1490 2492; x_wconf 87' lang='lat' dir='ltr'>suffi-</span> 
     </span>
     <span class='ocr_line' id='line_1_21' title="bbox 229 2531 1204 2615; baseline 0 -21"><span class='ocrx_word' id='word_1_175' title='bbox 229 2549 270 2597; x_wconf 91' lang='lat'>20</span> <span class='ocrx_word' id='word_1_176' title='bbox 284 2533 373 2596; x_wconf 89' lang='lat' dir='ltr'>ciens</span> <span class='ocrx_word' id='word_1_177' title='bbox 396 2533 439 2595; x_wconf 91' lang='lat' dir='ltr'>sit</span> <span class='ocrx_word' id='word_1_178' title='bbox 459 2533 522 2595; x_wconf 93' lang='lat' dir='ltr'>sibi</span> <span class='ocrx_word' id='word_1_179' title='bbox 543 2533 571 2595; x_wconf 92' lang='lat' dir='ltr'>si</span> <span class='ocrx_word' id='word_1_180' title='bbox 594 2531 744 2596; x_wconf 89' lang='lat' dir='ltr'>Christus</span> <span class='ocrx_word' id='word_1_181' title='bbox 765 2531 1042 2615; x_wconf 83' lang='lat' dir='ltr'>magnificabitur,</span> <span class='ocrx_word' id='word_1_182' title='bbox 1062 2531 1204 2595; x_wconf 89' lang='lat' dir='ltr'>adiecit:</span> 
     </span>
    </p>
   </div>
   <div class='ocr_carea' id='block_1_5' title="bbox 282 2677 1491 2945">
    <p class='ocr_par' dir='ltr' id='par_1_14' title="bbox 282 2677 1491 2945">
     <span class='ocr_line' id='line_1_22' title="bbox 336 2677 1491 2780; baseline -0.001 -13"><span class='ocrx_word' id='word_1_183' title='bbox 336 2733 346 2768; x_wconf 90' lang='lat' dir='ltr'>r</span> <span class='ocrx_word' id='word_1_184' title='bbox 365 2717 477 2767; x_wconf 85' lang='lat' dir='ltr'>laborem</span> <span class='ocrx_word' id='word_1_185' title='bbox 491 2717 513 2767; x_wconf 89' lang='lat' dir='ltr'><em>C</em></span> <span class='ocrx_word' id='word_1_186' title='bbox 521 2677 556 2767; x_wconf 87' lang='lat' dir='ltr'><em>H</em></span> <span class='ocrx_word' id='word_1_187' title='bbox 562 2735 578 2767; x_wconf 88' lang='lat' dir='ltr'>r</span> <span class='ocrx_word' id='word_1_188' title='bbox 665 2733 679 2766; x_wconf 78' lang='grc' dir='ltr'>ο</span> <span class='ocrx_word' id='word_1_189' title='bbox 696 2717 756 2767; x_wconf 89' lang='lat' dir='ltr'>dare</span> <span class='ocrx_word' id='word_1_190' title='bbox 770 2715 805 2767; x_wconf 69' lang='lat' dir='ltr'>C*</span> <span class='ocrx_word' id='word_1_191' title='bbox 818 2717 851 2766; x_wconf 92' lang='lat' dir='ltr'><em>H</em></span> <span class='ocrx_word' id='word_1_192' title='bbox 857 2733 873 2764; x_wconf 90' lang='lat' dir='ltr'>r</span> <span class='ocrx_word' id='word_1_193' title='bbox 959 2717 974 2766; x_wconf 89' lang='lat'><em>8</em></span> <span class='ocrx_word' id='word_1_194' title='bbox 991 2677 1202 2780; x_wconf 84' lang='lat' dir='ltr'>dispensationem</span> <span class='ocrx_word' id='word_1_195' title='bbox 1217 2717 1283 2766; x_wconf 88' lang='lat' dir='ltr'>CH</span> <span class='ocrx_word' id='word_1_196' title='bbox 1288 2733 1304 2765; x_wconf 90' lang='lat' dir='ltr'>r</span> <span class='ocrx_word' id='word_1_197' title='bbox 1397 2731 1423 2766; x_wconf 83' lang='lat' dir='ltr'>rr</span> <span class='ocrx_word' id='word_1_198' title='bbox 1441 2715 1491 2766; x_wconf 91' lang='lat' dir='ltr'>dis-</span> 
     </span>
     <span class='ocr_line' id='line_1_23' title="bbox 283 2795 1491 2864; baseline 0.001 -16"><span class='ocrx_word' id='word_1_199' title='bbox 283 2799 454 2864; x_wconf 83' lang='lat' dir='ltr'>pensationem</span> <span class='ocrx_word' id='word_1_200' title='bbox 468 2797 503 2848; x_wconf 76' lang='lat' dir='ltr'>C*</span> <span class='ocrx_word' id='word_1_201' title='bbox 537 2799 736 2864; x_wconf 72' lang='lat' dir='ltr'>desperationem</span> <span class='ocrx_word' id='word_1_202' title='bbox 748 2799 781 2848; x_wconf 92' lang='lat' dir='ltr'><em>H</em></span> <span class='ocrx_word' id='word_1_203' title='bbox 782 2797 796 2824; x_wconf 78' lang='lat'><em>*</em></span> <span class='ocrx_word' id='word_1_204' title='bbox 830 2799 1029 2863; x_wconf 83' lang='lat' dir='ltr'>desperationem</span> <span class='ocrx_word' id='word_1_205' title='bbox 1044 2795 1147 2862; x_wconf 67' lang='lat' dir='ltr'>Cicerr)</span> <span class='ocrx_word' id='word_1_206' title='bbox 1160 2798 1195 2846; x_wconf 89' lang='lat' dir='ltr'><em>H</em></span> <span class='ocrx_word' id='word_1_207' title='bbox 1200 2798 1275 2860; x_wconf 80' lang='lat' dir='ltr'>(carr)</span> <span class='ocrx_word' id='word_1_208' title='bbox 1383 2812 1411 2861; x_wconf 76' lang='lat'>¹3</span> <span class='ocrx_word' id='word_1_209' title='bbox 1427 2800 1491 2849; x_wconf 89' lang='lat' dir='ltr'>mihi</span> 
     </span>
     <span class='ocr_line' id='line_1_24' title="bbox 282 2880 647 2945; baseline -0.003 -16"><span class='ocrx_word' id='word_1_210' title='bbox 282 2895 349 2932; x_wconf 87' lang='lat' dir='ltr'>amr</span> <span class='ocrx_word' id='word_1_211' title='bbox 447 2891 476 2943; x_wconf 85' lang='lat'>17</span> <span class='ocrx_word' id='word_1_212' title='bbox 493 2880 552 2945; x_wconf 91' lang='lat' dir='ltr'>quia</span> <span class='ocrx_word' id='word_1_213' title='bbox 562 2897 601 2929; x_wconf 87' lang='lat' dir='ltr'>orn</span> <span class='ocrx_word' id='word_1_214' title='bbox 613 2880 647 2928; x_wconf 91' lang='lat' dir='ltr'><em>H</em></span> 
     </span>
    </p>
   </div>
   <div class='ocr_carea' id='block_1_6' title="bbox 280 3041 1525 4488">
    <p class='ocr_par' dir='ltr' id='par_1_15' title="bbox 283 3041 1493 3191">
     <span class='ocr_line' id='line_1_25' title="bbox 317 3041 1492 3109; baseline 0.002 -17"><span class='ocrx_word' id='word_1_215' title='bbox 317 3058 340 3107; x_wconf 79' lang='lat'>3.</span> <span class='ocrx_word' id='word_1_216' title='bbox 364 3043 608 3108; x_wconf 80' lang='lat' dir='ltr'>largam...tn&#39;buere]</span> <span class='ocrx_word' id='word_1_217' title='bbox 621 3043 758 3095; x_wconf 84' lang='lat' dir='ltr'>Laniranc:</span> <span class='ocrx_word' id='word_1_218' title='bbox 779 3045 861 3109; x_wconf 80' lang='lat' dir='ltr'>“larg.</span> <span class='ocrx_word' id='word_1_219' title='bbox 914 3061 950 3095; x_wconf 82' lang='grc' dir='ltr'>οις</span> <span class='ocrx_word' id='word_1_220' title='bbox 965 3043 994 3093; x_wconf 76' lang='grc' dir='ltr'>τό</span> <span class='ocrx_word' id='word_1_221' title='bbox 1010 3063 1041 3106; x_wconf 81' lang='grc' dir='ltr'>γε</span> <span class='ocrx_word' id='word_1_222' title='bbox 1058 3041 1094 3107; x_wconf 79' lang='grc' dir='ltr'>ἐφ’</span> <span class='ocrx_word' id='word_1_223' title='bbox 1111 3045 1167 3104; x_wconf 75' lang='grc' dir='ltr'>ἡμῖν</span> <span class='ocrx_word' id='word_1_224' title='bbox 1183 3041 1299 3093; x_wconf 74' lang='grc' dir='ltr'>πολλάκις</span> <span class='ocrx_word' id='word_1_225' title='bbox 1315 3043 1347 3092; x_wconf 78' lang='grc' dir='ltr'>τὰ</span> <span class='ocrx_word' id='word_1_226' title='bbox 1361 3041 1415 3093; x_wconf 83' lang='grc' dir='ltr'>καθ’</span> <span class='ocrx_word' id='word_1_227' title='bbox 1428 3044 1492 3103; x_wconf 79' lang='grc' dir='ltr'>ἡμᾶς</span> 
     </span>
     <span class='ocr_line' id='line_1_26' title="bbox 283 3122 1493 3191; baseline -0.002 -17"><span class='ocrx_word' id='word_1_228' title='bbox 283 3141 358 3176; x_wconf 88' lang='lat' dir='ltr'>merc.</span> <span class='ocrx_word' id='word_1_229' title='bbox 373 3125 502 3191; x_wconf 82' lang='lat' dir='ltr'>significat,</span> <span class='ocrx_word' id='word_1_230' title='bbox 517 3133 635 3191; x_wconf 82' lang='lat' dir='ltr'>quantam</span> <span class='ocrx_word' id='word_1_231' title='bbox 647 3126 671 3176; x_wconf 93' lang='lat' dir='ltr'>d.</span> <span class='ocrx_word' id='word_1_232' title='bbox 688 3127 733 3191; x_wconf 88' lang='lat' dir='ltr'>Sp.</span> <span class='ocrx_word' id='word_1_233' title='bbox 745 3123 793 3176; x_wconf 88' lang='lat' dir='ltr'>tr.&#39;&#39;</span> <span class='ocrx_word' id='word_1_234' title='bbox 914 3127 1107 3176; x_wconf 75' lang='grc' dir='ltr'>ἀπελπίοαοα</span> <span class='ocrx_word' id='word_1_235' title='bbox 1137 3127 1228 3184; x_wconf 80' lang='grc' dir='ltr'>ταύτην</span> <span class='ocrx_word' id='word_1_236' title='bbox 1256 3122 1417 3186; x_wconf 71' lang='grc' dir='ltr'>ἀπεκδέχεται</span> <span class='ocrx_word' id='word_1_237' title='bbox 1443 3126 1493 3174; x_wconf 75' lang='grc' dir='ltr'>τῶν</span> 
     </span>
    </p>

    <p class='ocr_par' dir='ltr' id='par_1_16' title="bbox 280 3205 1525 4168">
     <span class='ocr_line' id='line_1_27' title="bbox 317 3205 1492 3273; baseline -0.002 -15"><span class='ocrx_word' id='word_1_238' title='bbox 317 3209 341 3258; x_wconf 83' lang='grc'>8.</span> <span class='ocrx_word' id='word_1_239' title='bbox 378 3224 420 3258; x_wconf 87' lang='lat' dir='ltr'>see.</span> <span class='ocrx_word' id='word_1_240' title='bbox 450 3207 647 3273; x_wconf 84' lang='lat' dir='ltr'>desperationem]</span> <span class='ocrx_word' id='word_1_241' title='bbox 691 3207 723 3256; x_wconf 91' lang='grc' dir='ltr'>Ο.</span> <span class='ocrx_word' id='word_1_242' title='bbox 755 3207 786 3256; x_wconf 91' lang='lat' dir='ltr'>L.</span> <span class='ocrx_word' id='word_1_243' title='bbox 811 3207 862 3256; x_wconf 86' lang='lat' dir='ltr'>and</span> <span class='ocrx_word' id='word_1_244' title='bbox 914 3206 1027 3259; x_wconf 71' lang='grc' dir='ltr'>ἁπάντων</span> <span class='ocrx_word' id='word_1_245' title='bbox 1044 3208 1175 3270; x_wconf 77' lang='grc' dir='ltr'><strong><em>διόρθωσιν,</em></strong></span> <span class='ocrx_word' id='word_1_246' title='bbox 1196 3205 1270 3257; x_wconf 69' lang='grc' dir='ltr'>καλ.</span> <span class='ocrx_word' id='word_1_247' title='bbox 1313 3207 1363 3257; x_wconf 86' lang='lat' dir='ltr'>Th.</span> <span class='ocrx_word' id='word_1_248' title='bbox 1382 3205 1428 3257; x_wconf 85' lang='lat' dir='ltr'>has</span> <span class='ocrx_word' id='word_1_249' title='bbox 1445 3205 1492 3256; x_wconf 90' lang='lat' dir='ltr'>im·</span> 
     </span>
     <span class='ocr_line' id='line_1_28' title="bbox 284 3287 1493 3358; baseline 0 -20"><span class='ocrx_word' id='word_1_250' title='bbox 284 3289 367 3354; x_wconf 69' lang='lat' dir='ltr'>Vulg,</span> <span class='ocrx_word' id='word_1_251' title='bbox 384 3306 428 3339; x_wconf 85' lang='lat' dir='ltr'>ser.</span> <span class='ocrx_word' id='word_1_252' title='bbox 444 3289 646 3354; x_wconf 66' lang='lat' dir='ltr'>expectationem</span> <span class='ocrx_word' id='word_1_253' title='bbox 666 3290 801 3346; x_wconf 87' lang='lat' dir='ltr'>Ambrstr.,</span> <span class='ocrx_word' id='word_1_254' title='bbox 818 3305 861 3339; x_wconf 89' lang='lat' dir='ltr'>sec.</span> <span class='ocrx_word' id='word_1_255' title='bbox 913 3291 1003 3358; x_wconf 90' lang='lat' dir='ltr'>ported</span> <span class='ocrx_word' id='word_1_256' title='bbox 1014 3292 1062 3342; x_wconf 87' lang='lat' dir='ltr'>this</span> <span class='ocrx_word' id='word_1_257' title='bbox 1074 3291 1182 3355; x_wconf 78' lang='lat' dir='ltr'>singular</span> <span class='ocrx_word' id='word_1_258' title='bbox 1194 3291 1382 3356; x_wconf 86' lang='lat' dir='ltr'>interpretation</span> <span class='ocrx_word' id='word_1_259' title='bbox 1393 3291 1423 3340; x_wconf 84' lang='lat' dir='ltr'>oi</span> <span class='ocrx_word' id='word_1_260' title='bbox 1431 3287 1493 3338; x_wconf 73' lang='lat' dir='ltr'>dea-</span> 
     </span>
     <span class='ocr_line' id='line_1_29' title="bbox 283 3369 1493 3436; baseline 0.001 -17"><span class='ocrx_word' id='word_1_261' title='bbox 283 3371 514 3435; x_wconf 84' lang='lat' dir='ltr'>contemplationem.</span> <span class='ocrx_word' id='word_1_262' title='bbox 571 3372 782 3436; x_wconf 68' lang='lat' dir='ltr'>Dispensateomm</span> <span class='ocrx_word' id='word_1_263' title='bbox 815 3387 862 3421; x_wconf 88' lang='lat' dir='ltr'>can</span> <span class='ocrx_word' id='word_1_264' title='bbox 913 3373 1043 3434; x_wconf 78' lang='grc' dir='ltr'>καροδοκία</span> <span class='ocrx_word' id='word_1_265' title='bbox 1054 3372 1107 3420; x_wconf 89' lang='lat' dir='ltr'>into</span> <span class='ocrx_word' id='word_1_266' title='bbox 1119 3371 1161 3420; x_wconf 89' lang='lat' dir='ltr'>the</span> <span class='ocrx_word' id='word_1_267' title='bbox 1172 3378 1272 3434; x_wconf 86' lang='lat' dir='ltr'>present</span> <span class='ocrx_word' id='word_1_268' title='bbox 1283 3386 1394 3436; x_wconf 81' lang='lat' dir='ltr'>passage,</span> <span class='ocrx_word' id='word_1_269' title='bbox 1409 3369 1493 3420; x_wconf 85' lang='lat' dir='ltr'>which</span> 
     </span>
     <span class='ocr_line' id='line_1_30' title="bbox 284 3450 1491 3517; baseline -0.001 -17"><span class='ocrx_word' id='word_1_270' title='bbox 284 3451 393 3515; x_wconf 83' lang='lat' dir='ltr'>scarcely</span> <span class='ocrx_word' id='word_1_271' title='bbox 404 3451 467 3501; x_wconf 84' lang='lat' dir='ltr'>have</span> <span class='ocrx_word' id='word_1_272' title='bbox 484 3453 548 3501; x_wconf 91' lang='lat' dir='ltr'>been</span> <span class='ocrx_word' id='word_1_273' title='bbox 564 3452 684 3503; x_wconf 86' lang='lat' dir='ltr'>intended</span> <span class='ocrx_word' id='word_1_274' title='bbox 698 3469 725 3502; x_wconf 87' lang='lat' dir='ltr'>as</span> <span class='ocrx_word' id='word_1_275' title='bbox 738 3469 754 3501; x_wconf 91' lang='lat' dir='ltr'>a</span> <span class='ocrx_word' id='word_1_276' title='bbox 765 3454 863 3504; x_wconf 89' lang='lat' dir='ltr'>render·</span> <span class='ocrx_word' id='word_1_277' title='bbox 913 3454 933 3502; x_wconf 89' lang='lat' dir='ltr'>is</span> <span class='ocrx_word' id='word_1_278' title='bbox 945 3453 1001 3502; x_wconf 89' lang='lat' dir='ltr'>thus</span> <span class='ocrx_word' id='word_1_279' title='bbox 1013 3452 1086 3501; x_wconf 83' lang='lat' dir='ltr'>made</span> <span class='ocrx_word' id='word_1_280' title='bbox 1098 3459 1124 3501; x_wconf 93' lang='lat' dir='ltr'>to</span> <span class='ocrx_word' id='word_1_281' title='bbox 1140 3459 1238 3517; x_wconf 85' lang='lat' dir='ltr'>present</span> <span class='ocrx_word' id='word_1_282' title='bbox 1254 3467 1270 3501; x_wconf 83' lang='lat' dir='ltr'>a</span> <span class='ocrx_word' id='word_1_283' title='bbox 1286 3451 1348 3500; x_wconf 94' lang='lat' dir='ltr'>bold</span> <span class='ocrx_word' id='word_1_284' title='bbox 1364 3450 1491 3516; x_wconf 76' lang='lat' dir='ltr'>paradox:</span> 
     </span>
     <span class='ocr_line' id='line_1_31' title="bbox 285 3530 1493 3598; baseline 0.002 -18"><span class='ocrx_word' id='word_1_285' title='bbox 285 3531 328 3595; x_wconf 86' lang='lat' dir='ltr'>ing</span> <span class='ocrx_word' id='word_1_286' title='bbox 346 3531 383 3581; x_wconf 85' lang='lat' dir='ltr'>sor</span> <span class='ocrx_word' id='word_1_287' title='bbox 398 3533 443 3590; x_wconf 79' lang='grc' dir='ltr'>τὴν</span> <span class='ocrx_word' id='word_1_288' title='bbox 458 3530 658 3596; x_wconf 72' lang='grc' dir='ltr'>ἀποκαραδοκίαν.</span> <span class='ocrx_word' id='word_1_289' title='bbox 692 3535 787 3584; x_wconf 87' lang='lat' dir='ltr'>Ihave</span> <span class='ocrx_word' id='word_1_290' title='bbox 798 3536 863 3586; x_wconf 86' lang='lat' dir='ltr'>little</span> <span class='ocrx_word' id='word_1_291' title='bbox 914 3535 1004 3583; x_wconf 86' lang='lat' dir='ltr'>‘Iam</span> <span class='ocrx_word' id='word_1_292' title='bbox 1023 3533 1113 3582; x_wconf 88' lang='lat' dir='ltr'>moved</span> <span class='ocrx_word' id='word_1_293' title='bbox 1134 3541 1158 3582; x_wconf 87' lang='lat' dir='ltr'>at</span> <span class='ocrx_word' id='word_1_294' title='bbox 1176 3548 1239 3582; x_wconf 91' lang='lat' dir='ltr'>once</span> <span class='ocrx_word' id='word_1_295' title='bbox 1255 3533 1289 3596; x_wconf 93' lang='lat' dir='ltr'>by</span> <span class='ocrx_word' id='word_1_296' title='bbox 1305 3533 1371 3598; x_wconf 90' lang='lat' dir='ltr'>hope</span> <span class='ocrx_word' id='word_1_297' title='bbox 1388 3533 1438 3582; x_wconf 90' lang='lat' dir='ltr'>and</span> <span class='ocrx_word' id='word_1_298' title='bbox 1458 3533 1493 3597; x_wconf 85' lang='lat' dir='ltr'>by</span> 
     </span>
     <span class='ocr_line' id='line_1_32' title="bbox 285 3602 1493 3679; baseline 0.003 -19"><span class='ocrx_word' id='word_1_299' title='bbox 285 3612 362 3661; x_wconf 91' lang='lat' dir='ltr'>doubt</span> <span class='ocrx_word' id='word_1_300' title='bbox 379 3612 433 3662; x_wconf 87' lang='lat' dir='ltr'>that</span> <span class='ocrx_word' id='word_1_301' title='bbox 448 3613 489 3663; x_wconf 89' lang='lat' dir='ltr'>the</span> <span class='ocrx_word' id='word_1_302' title='bbox 506 3621 560 3663; x_wconf 92' lang='lat' dir='ltr'>true</span> <span class='ocrx_word' id='word_1_303' title='bbox 573 3615 677 3679; x_wconf 86' lang='lat' dir='ltr'>reading</span> <span class='ocrx_word' id='word_1_304' title='bbox 694 3615 714 3664; x_wconf 89' lang='lat' dir='ltr'>is</span> <span class='ocrx_word' id='word_1_305' title='bbox 730 3617 862 3679; x_wconf 85' lang='lat' dir='ltr'>preserved</span> <span class='ocrx_word' id='word_1_306' title='bbox 912 3602 1181 3678; x_wconf 78' lang='lat' dir='ltr'>despair-&#39;despuitof</span> <span class='ocrx_word' id='word_1_307' title='bbox 1189 3615 1415 3678; x_wconf 87' lang='lat' dir='ltr'>worldlysecurity,</span> <span class='ocrx_word' id='word_1_308' title='bbox 1425 3615 1493 3679; x_wconf 88' lang='lat' dir='ltr'>hope</span> 
     </span>
     <span class='ocr_line' id='line_1_33' title="bbox 286 3691 1493 3758; baseline 0.004 -19"><span class='ocrx_word' id='word_1_309' title='bbox 286 3692 310 3739; x_wconf 93' lang='lat' dir='ltr'>in</span> <span class='ocrx_word' id='word_1_310' title='bbox 322 3691 365 3741; x_wconf 86' lang='lat' dir='ltr'>the</span> <span class='ocrx_word' id='word_1_311' title='bbox 377 3708 467 3742; x_wconf 92' lang='lat' dir='ltr'>comm.</span> <span class='ocrx_word' id='word_1_312' title='bbox 482 3693 508 3754; x_wconf 82' lang='lat' dir='ltr'>(l.</span> <span class='ocrx_word' id='word_1_313' title='bbox 527 3694 565 3753; x_wconf 81' lang='grc' dir='ltr'>ιι)</span> <span class='ocrx_word' id='word_1_314' title='bbox 578 3695 628 3742; x_wconf 83' lang='lat' dir='ltr'>and</span> <span class='ocrx_word' id='word_1_315' title='bbox 639 3694 693 3743; x_wconf 87' lang='lat' dir='ltr'>that</span> <span class='ocrx_word' id='word_1_316' title='bbox 710 3695 735 3743; x_wconf 93' lang='lat' dir='ltr'>in</span> <span class='ocrx_word' id='word_1_317' title='bbox 752 3695 794 3745; x_wconf 85' lang='lat' dir='ltr'>the</span> <span class='ocrx_word' id='word_1_318' title='bbox 811 3703 863 3745; x_wconf 84' lang='lat' dir='ltr'>text</span> <span class='ocrx_word' id='word_1_319' title='bbox 913 3693 942 3743; x_wconf 88' lang='lat' dir='ltr'>ol</span> <span class='ocrx_word' id='word_1_320' title='bbox 950 3697 992 3743; x_wconf 90' lang='lat' dir='ltr'>the</span> <span class='ocrx_word' id='word_1_321' title='bbox 1003 3695 1116 3743; x_wconf 85' lang='lat' dir='ltr'>ultimate</span> <span class='ocrx_word' id='word_1_322' title='bbox 1127 3709 1223 3744; x_wconf 88' lang='lat' dir='ltr'>success</span> <span class='ocrx_word' id='word_1_323' title='bbox 1234 3694 1263 3744; x_wconf 83' lang='lat' dir='ltr'>ol</span> <span class='ocrx_word' id='word_1_324' title='bbox 1275 3711 1317 3758; x_wconf 88' lang='lat' dir='ltr'>my</span> <span class='ocrx_word' id='word_1_325' title='bbox 1329 3694 1391 3746; x_wconf 84' lang='lat' dir='ltr'>liie&#39;s</span> <span class='ocrx_word' id='word_1_326' title='bbox 1403 3693 1493 3746; x_wconf 84' lang='lat' dir='ltr'>work.&#39;</span> 
     </span>
     <span class='ocr_line' id='line_1_34' title="bbox 284 3773 1493 3843; baseline 0.006 -23"><span class='ocrx_word' id='word_1_327' title='bbox 284 3773 469 3836; x_wconf 68' lang='lat' dir='ltr'>desperationem</span> <span class='ocrx_word' id='word_1_328' title='bbox 488 3773 534 3823; x_wconf 85' lang='lat' dir='ltr'>has</span> <span class='ocrx_word' id='word_1_329' title='bbox 552 3774 617 3823; x_wconf 88' lang='lat' dir='ltr'>been</span> <span class='ocrx_word' id='word_1_330' title='bbox 633 3774 727 3828; x_wconf 82' lang='lat' dir='ltr'>altered</span> <span class='ocrx_word' id='word_1_331' title='bbox 744 3775 797 3823; x_wconf 89' lang='lat' dir='ltr'>into</span> <span class='ocrx_word' id='word_1_332' title='bbox 814 3775 863 3824; x_wconf 87' lang='lat' dir='ltr'>dis·</span> <span class='ocrx_word' id='word_1_333' title='bbox 949 3777 986 3827; x_wconf 88' lang='lat'>16.</span> <span class='ocrx_word' id='word_1_334' title='bbox 1014 3775 1216 3843; x_wconf 77' lang='lat' dir='ltr'>arortern...fieri]</span> <span class='ocrx_word' id='word_1_335' title='bbox 1254 3777 1394 3827; x_wconf 85' lang='lat' dir='ltr'>Laniranc:</span> <span class='ocrx_word' id='word_1_336' title='bbox 1413 3781 1493 3842; x_wconf 87' lang='lat' dir='ltr'>“spe-</span> 
     </span>
     <span class='ocr_line' id='line_1_35' title="bbox 280 3855 1494 3920; baseline 0.006 -18"><span class='ocrx_word' id='word_1_337' title='bbox 280 3856 445 3916; x_wconf 82' lang='lat' dir='ltr'>pensatianene</span> <span class='ocrx_word' id='word_1_338' title='bbox 458 3856 490 3919; x_wconf 93' lang='lat' dir='ltr'>by</span> <span class='ocrx_word' id='word_1_339' title='bbox 502 3871 534 3904; x_wconf 84' lang='lat' dir='ltr'>an</span> <span class='ocrx_word' id='word_1_340' title='bbox 546 3855 614 3919; x_wconf 85' lang='lat' dir='ltr'>early</span> <span class='ocrx_word' id='word_1_341' title='bbox 625 3856 729 3920; x_wconf 86' lang='lat' dir='ltr'>copyist,</span> <span class='ocrx_word' id='word_1_342' title='bbox 741 3861 767 3904; x_wconf 85' lang='lat' dir='ltr'>to</span> <span class='ocrx_word' id='word_1_343' title='bbox 779 3856 862 3904; x_wconf 86' lang='lat' dir='ltr'>whom</span> <span class='ocrx_word' id='word_1_344' title='bbox 914 3859 984 3907; x_wconf 85' lang='lat' dir='ltr'>rabat</span> <span class='ocrx_word' id='word_1_345' title='bbox 1007 3859 1074 3908; x_wconf 89' lang='lat' dir='ltr'>enim</span> <span class='ocrx_word' id='word_1_346' title='bbox 1096 3858 1197 3908; x_wconf 87' lang='lat' dir='ltr'>Christo</span> <span class='ocrx_word' id='word_1_347' title='bbox 1216 3859 1368 3908; x_wconf 84' lang='lat' dir='ltr'>concedente</span> <span class='ocrx_word' id='word_1_348' title='bbox 1387 3867 1494 3909; x_wconf 86' lang='lat' dir='ltr'>mortem</span> 
     </span>
     <span class='ocr_line' id='line_1_36' title="bbox 285 3933 1525 4000; baseline 0.004 -17"><span class='ocrx_word' id='word_1_349' title='bbox 285 3935 328 3984; x_wconf 90' lang='lat' dir='ltr'>the</span> <span class='ocrx_word' id='word_1_350' title='bbox 343 3933 523 3998; x_wconf 87' lang='lat' dir='ltr'>juxtaposition</span> <span class='ocrx_word' id='word_1_351' title='bbox 539 3935 568 3985; x_wconf 87' lang='lat' dir='ltr'>ol</span> <span class='ocrx_word' id='word_1_352' title='bbox 575 3937 662 4000; x_wconf 85' lang='lat' dir='ltr'>desper.</span> <span class='ocrx_word' id='word_1_353' title='bbox 677 3937 727 3985; x_wconf 86' lang='lat' dir='ltr'>and</span> <span class='ocrx_word' id='word_1_354' title='bbox 737 3945 800 3999; x_wconf 83' lang='lat' dir='ltr'>spem</span> <span class='ocrx_word' id='word_1_355' title='bbox 812 3951 863 3985; x_wconf 87' lang='lat' dir='ltr'>was</span> <span class='ocrx_word' id='word_1_356' title='bbox 915 3953 984 3988; x_wconf 86' lang='lat' dir='ltr'>suam</span> <span class='ocrx_word' id='word_1_357' title='bbox 997 3953 1048 3986; x_wconf 89' lang='lat' dir='ltr'>non</span> <span class='ocrx_word' id='word_1_358' title='bbox 1060 3938 1112 3987; x_wconf 85' lang='lat' dir='ltr'>fieri</span> <span class='ocrx_word' id='word_1_359' title='bbox 1124 3939 1238 3987; x_wconf 82' lang='lat' dir='ltr'>absolute</span> <span class='ocrx_word' id='word_1_360' title='bbox 1249 3946 1292 3986; x_wconf 89' lang='lat' dir='ltr'>aut</span> <span class='ocrx_word' id='word_1_361' title='bbox 1302 3938 1392 3988; x_wconf 85' lang='lat' dir='ltr'>uane.”</span> <span class='ocrx_word' id='word_1_362' title='bbox 1523 3941 1525 3946; x_wconf 79' lang='grc'><strong>“</strong></span> 
     </span>
     <span class='ocr_line' id='line_1_37' title="bbox 285 4015 1496 4085; baseline 0.005 -20"><span class='ocrx_word' id='word_1_363' title='bbox 285 4017 440 4067; x_wconf 87' lang='lat' dir='ltr'>intolerable.</span> <span class='ocrx_word' id='word_1_364' title='bbox 467 4017 509 4068; x_wconf 94' lang='lat' dir='ltr'>On</span> <span class='ocrx_word' id='word_1_365' title='bbox 520 4015 864 4081; x_wconf 74' lang='lat' dir='ltr'>dnoeupaiouta=desperatio</span> <span class='ocrx_word' id='word_1_366' title='bbox 950 4034 985 4084; x_wconf 84' lang='lat'>17.</span> <span class='ocrx_word' id='word_1_367' title='bbox 1000 4023 1120 4085; x_wconf 77' lang='lat' dir='ltr'>quereiam</span> <span class='ocrx_word' id='word_1_368' title='bbox 1131 4021 1315 4072; x_wconf 59' lang='lat' dir='ltr'>droit...cnram</span> <span class='ocrx_word' id='word_1_369' title='bbox 1327 4021 1408 4084; x_wconf 77' lang='lat' dir='ltr'>dada]</span> <span class='ocrx_word' id='word_1_370' title='bbox 1428 4021 1496 4072; x_wconf 86' lang='lat' dir='ltr'>Lan-</span> 
     </span>
     <span class='ocr_line' id='line_1_38' title="bbox 286 4100 1496 4168; baseline 0.005 -20"><span class='ocrx_word' id='word_1_371' title='bbox 286 4115 328 4150; x_wconf 87' lang='lat' dir='ltr'>see</span> <span class='ocrx_word' id='word_1_372' title='bbox 338 4106 397 4149; x_wconf 83' lang='lat' dir='ltr'>next</span> <span class='ocrx_word' id='word_1_373' title='bbox 408 4108 476 4150; x_wconf 89' lang='lat' dir='ltr'>note.</span> <span class='ocrx_word' id='word_1_374' title='bbox 915 4100 997 4150; x_wconf 78' lang='lat' dir='ltr'>franc:</span> <span class='ocrx_word' id='word_1_375' title='bbox 1019 4103 1037 4127; x_wconf 82' lang='lat'>‘⁸</span> <span class='ocrx_word' id='word_1_376' title='bbox 1044 4101 1161 4166; x_wconf 88' lang='lat' dir='ltr'>quoniam</span> <span class='ocrx_word' id='word_1_377' title='bbox 1174 4101 1198 4151; x_wconf 92' lang='lat' dir='ltr'>d.</span> <span class='ocrx_word' id='word_1_378' title='bbox 1213 4103 1272 4167; x_wconf 90' lang='lat' dir='ltr'>quia</span> <span class='ocrx_word' id='word_1_379' title='bbox 1283 4119 1366 4166; x_wconf 78' lang='lat' dir='ltr'>magn.</span> <span class='ocrx_word' id='word_1_380' title='bbox 1379 4103 1440 4153; x_wconf 84' lang='lat' dir='ltr'>Chr.</span> <span class='ocrx_word' id='word_1_381' title='bbox 1449 4119 1496 4168; x_wconf 89' lang='lat' dir='ltr'>per</span> 
     </span>
    </p>

    <p class='ocr_par' dir='ltr' id='par_1_17' title="bbox 285 4177 1496 4488">
     <span class='ocr_line' id='line_1_39' title="bbox 321 4177 1495 4248; baseline 0.001 -15"><span class='ocrx_word' id='word_1_382' title='bbox 321 4198 357 4233; x_wconf 88' lang='lat'>11.</span> <span class='ocrx_word' id='word_1_383' title='bbox 382 4183 568 4248; x_wconf 81' lang='lat' dir='ltr'>desperationem</span> <span class='ocrx_word' id='word_1_384' title='bbox 581 4182 709 4240; x_wconf 71' lang='lat' dir='ltr'>eniterrter,</span> <span class='ocrx_word' id='word_1_385' title='bbox 722 4181 779 4242; x_wconf 68' lang='grc' dir='ltr'>δια]</span> <span class='ocrx_word' id='word_1_386' title='bbox 821 4177 860 4230; x_wconf 79' lang='lat' dir='ltr'>Cf.</span> <span class='ocrx_word' id='word_1_387' title='bbox 914 4180 1000 4242; x_wconf 86' lang='lat' dir='ltr'>uitam,</span> <span class='ocrx_word' id='word_1_388' title='bbox 1017 4196 1063 4232; x_wconf 91' lang='lat' dir='ltr'>nec</span> <span class='ocrx_word' id='word_1_389' title='bbox 1079 4182 1145 4232; x_wconf 85' lang='lat' dir='ltr'>hanc</span> <span class='ocrx_word' id='word_1_390' title='bbox 1161 4182 1233 4246; x_wconf 88' lang='lat' dir='ltr'>prob.</span> <span class='ocrx_word' id='word_1_391' title='bbox 1251 4183 1367 4241; x_wconf 86' lang='lat' dir='ltr'>habebat,</span> <span class='ocrx_word' id='word_1_392' title='bbox 1385 4183 1495 4235; x_wconf 84' lang='lat' dir='ltr'>adiecit:</span> 
     </span>
     <span class='ocr_line' id='line_1_40' title="bbox 285 4263 1496 4329; baseline 0.002 -16"><span class='ocrx_word' id='word_1_393' title='bbox 285 4263 358 4313; x_wconf 87' lang='lat' dir='ltr'>Th.&#39;s</span> <span class='ocrx_word' id='word_1_394' title='bbox 370 4279 460 4313; x_wconf 90' lang='lat' dir='ltr'>comm.</span> <span class='ocrx_word' id='word_1_395' title='bbox 473 4280 506 4314; x_wconf 93' lang='lat' dir='ltr'>on</span> <span class='ocrx_word' id='word_1_396' title='bbox 519 4265 593 4313; x_wconf 89' lang='lat' dir='ltr'>Rom.</span> <span class='ocrx_word' id='word_1_397' title='bbox 603 4264 653 4314; x_wconf 83' lang='lat' dir='ltr'>viii.</span> <span class='ocrx_word' id='word_1_398' title='bbox 669 4278 710 4329; x_wconf 88' lang='lat'>19:</span> <span class='ocrx_word' id='word_1_399' title='bbox 727 4264 866 4326; x_wconf 76' lang='grc' dir='ltr'>καραδοκεῖν</span> <span class='ocrx_word' id='word_1_400' title='bbox 916 4264 982 4311; x_wconf 81' lang='lat' dir='ltr'>rm&#39;hi</span> <span class='ocrx_word' id='word_1_401' title='bbox 989 4263 1064 4320; x_wconf 80' lang='lat' dir='ltr'>arim,</span> <span class='ocrx_word' id='word_1_402' title='bbox 1077 4263 1134 4322; x_wconf 60' lang='lat' dir='ltr'>&amp;ca</span> <span class='ocrx_word' id='word_1_403' title='bbox 1151 4263 1309 4327; x_wconf 86' lang='lat' dir='ltr'>nequeenim</span> <span class='ocrx_word' id='word_1_404' title='bbox 1321 4264 1341 4313; x_wconf 90' lang='lat' dir='ltr'>si</span> <span class='ocrx_word' id='word_1_405' title='bbox 1353 4265 1444 4324; x_wconf 86' lang='lat' dir='ltr'>uiuam,</span> <span class='ocrx_word' id='word_1_406' title='bbox 1457 4265 1496 4315; x_wconf 92' lang='lat' dir='ltr'>in·</span> 
     </span>
     <span class='ocr_line' id='line_1_41' title="bbox 286 4343 1373 4409; baseline 0.001 -16"><span class='ocrx_word' id='word_1_407' title='bbox 286 4344 385 4403; x_wconf 65' lang='grc' dir='ltr'>λὲγκτακ</span> <span class='ocrx_word' id='word_1_408' title='bbox 410 4346 439 4393; x_wconf 83' lang='grc' dir='ltr'>τὸ</span> <span class='ocrx_word' id='word_1_409' title='bbox 466 4346 580 4409; x_wconf 66' lang='grc' dir='ltr'>ἐλπίζειν·</span> <span class='ocrx_word' id='word_1_410' title='bbox 608 4343 803 4405; x_wconf 66' lang='lat' dir='ltr'>increpuisset»,</span> <span class='ocrx_word' id='word_1_411' title='bbox 832 4344 865 4391; x_wconf 82' lang='grc' dir='ltr'>τὸ</span> <span class='ocrx_word' id='word_1_412' title='bbox 915 4359 997 4407; x_wconf 84' lang='lat' dir='ltr'>quam,</span> <span class='ocrx_word' id='word_1_413' title='bbox 1012 4345 1113 4395; x_wconf 87' lang='lat' dir='ltr'>alterius</span> <span class='ocrx_word' id='word_1_414' title='bbox 1124 4345 1160 4394; x_wconf 89' lang='lat' dir='ltr'>rei</span> <span class='ocrx_word' id='word_1_415' title='bbox 1171 4361 1255 4394; x_wconf 81' lang='lat' dir='ltr'>curam</span> <span class='ocrx_word' id='word_1_416' title='bbox 1266 4345 1373 4395; x_wconf 85' lang='lat' dir='ltr'>habeo.&#39;¹</span> 
     </span>
     <span class='ocr_line' id='line_1_42' title="bbox 287 4422 863 4488; baseline 0 -16"><span class='ocrx_word' id='word_1_417' title='bbox 287 4422 565 4488; x_wconf 67' lang='grc' dir='ltr'>α’πελπίζοιν...τοῦτο</span> <span class='ocrx_word' id='word_1_418' title='bbox 577 4422 703 4488; x_wconf 71' lang='grc' dir='ltr'>οὕνλέγει,</span> <span class='ocrx_word' id='word_1_419' title='bbox 724 4423 766 4474; x_wconf 83' lang='lat' dir='ltr'>dre</span> <span class='ocrx_word' id='word_1_420' title='bbox 783 4426 799 4484; x_wconf 83' lang='grc' dir='ltr'><strong><em>ὴ</em></strong></span> <span class='ocrx_word' id='word_1_421' title='bbox 815 4427 863 4476; x_wconf 75' lang='grc' dir='ltr'>κτί-</span> 
     </span>
    </p>
   </div>
   <div class='ocr_carea' id='block_1_7' title="bbox 0 0 1677 5232">
    <p class='ocr_par' dir='ltr' id='par_1_18' title="bbox 0 0 1677 5232">
     <span class='ocr_line' id='line_1_43' title="bbox 0 0 1677 5232; baseline 0 0"><span class='ocrx_word' id='word_1_422' title='bbox 0 0 1677 5232; x_wconf 95' lang='lat' dir='ltr'> </span> 
     </span>
    </p>
   </div>
  </div>
 </body>
</html>
