3332 5210
159 404 223 468 111.
240 408 303 492 29]
561 423 602 473 m
627 425 679 475 ΕΡ.
703 425 754 475 ιι)
777 423 953 476 caesnas.
1327 420 1367 488 59

223 600 257 653 et
295 592 424 675 optime
461 595 551 658 dixit
579 597 739 678 quoniam
771 617 856 660 unus
886 615 1003 660 sumus
1040 614 1166 669 omnes,
1197 612 1257 675 per
1288 609 1364 655 eam

157 693 406 776 copulationem
422 717 525 779 quam
540 697 704 763 habemus
719 699 753 763 in
770 698 912 777 Christ0,
931 698 1019 762 unde
1034 707 1069 764 et
1083 695 1225 761 adiecit:

222 829 256 892 si
275 838 384 894 aretem
408 852 466 895 uos
489 829 622 912 Christi,
649 833 758 917 utique
774 833 931 898 Abraluze
954 853 1059 897 senuna
1082 831 1181 907 estis,⁸
1208 839 1239 894 et
1258 847 1366 892 secun-

157 930 236 996 datm
244 933 494 1016 promissionem
509 937 645 1002 heredes.

221 1071 427 1138 admirabilis
453 1075 558 1138 uirtus
582 1075 763 1140 sermonis!
807 1073 908 1158 paulo
932 1074 1056 1140 etenim
1079 1073 1189 1138 minus
1213 1092 1366 1156 compro·
1405 1083 1420 1150 5

156 1173 250 1238 bauit
276 1176 436 1257 quoniam
458 1187 492 1241 et
513 1179 709 1242 naturaliter
729 1178 787 1242 filii
814 1177 990 1243 Abraham
1019 1177 1098 1242 iacti
1125 1185 1244 1241 essent.
1288 1175 1366 1258 †‘si

156 1276 246 1338 enim
263 1297 323 1340 uos
334 1285 459 1361 'corpus
480 1279 602 1345 Christi
624 1288 762 1363 propter
782 1280 1069 1362 regenerationem
1088 1278 1180 1342 illam
1207 1297 1308 1361 quam
1331 1277 1366 1339 in

157 1377 361 1462 baptismate
387 1381 467 1446 estis
494 1384 674 1460 consecuti,
700 1401 787 1465 quae
814 1382 957 1447 sormam
981 1380 1085 1448 habet
1105 1380 1366 1446 illiussimilitu·

156 1482 244 1546 dinis
259 1504 346 1567 quae
361 1495 441 1549 tunc
457 1487 553 1550 uobis
570 1487 632 1550 erit
647 1486 692 1550 ad
709 1506 808 1564 eum;
832 1484 985 1551 Christus
1006 1493 1120 1550 autem
1137 1493 1188 1549 est
1203 1481 1366 1547 Abrahae

155 1606 288 1665 semen;
313 1589 535 1653 necessarium
561 1597 612 1654 est
635 1597 669 1654 et
690 1609 750 1654 uos
771 1607 917 1672 quoque,
933 1588 1003 1652 eius
1026 1607 1154 1668 corpus,
1170 1585 1268 1652 huius
1292 1606 1365 1650 esse
1385 1605 1424 1670 ιο

156 1707 281 1766 semen,
309 1691 402 1755 cuius
426 1701 478 1756 est
504 1703 539 1758 et
565 1689 652 1756 ille*
695 1691 844 1772 alioquin
871 1688 1066 1772 inpossibile
1092 1698 1144 1753 est
1161 1709 1265 1753 unum
1292 1709 1366 1754 esse

157 1812 305 1874 corpore,
322 1803 356 1858 et
372 1795 568 1862 existimare
583 1804 684 1882 caput
699 1792 836 1877 quidem
853 1793 989 1857 alterius
1005 1813 1088 1871 esse,
1104 1793 1272 1858 residuum
1287 1812 1366 1856 uero

157 1914 277 1978 corpus
308 1896 452 1960 alterius.
501 1896 626 1979 †unde
652 1897 740 1960 iusta
762 1897 893 1961 ratione
916 1903 951 1959 et
973 1895 1202 1978 promissionis
1226 1894 1366 1958 heredes

157 1996 236 2062 facti
255 1996 366 2063 estis*
411 2001 601 2065 sicutenim
626 2001 669 2064 ad
700 1999 793 2064 illum
821 2001 878 2082 qui
902 2020 948 2063 ex
972 2020 1012 2064 eo
1038 2010 1091 2064 est
1118 1999 1366 2083 copulationem

156 2099 339 2183 accepistis,
362 2103 395 2166 in
411 2102 445 2166 id
462 2102 571 2186 ipsum
593 2103 623 2166 ei
650 2102 852 2186 reputamini
871 2102 1066 2179 necessario,
1086 2111 1120 2166 et
1141 2101 1260 2166 horum
1276 2101 1366 2164 eritis
1385 2118 1420 2185 ις

156 2204 320 2283 heredes3
354 2207 514 2289 quoniam
541 2216 576 2271 et
605 2204 652 2270 illi
682 2205 871 2289 participati
897 2205 976 2271 estis
1000 2205 1275 2290 promissionibus
1302 2201 1366 2268 illis

155 2328 243 2392 quae
258 2307 301 2374 ad
317 2307 412 2374 illum
428 2307 536 2373 sactae
551 2317 630 2372 sunt
650 2329 672 2373 a
687 2309 771 2385 Deo,
787 2316 917 2392 patrem
933 2309 1070 2392 quidem
1086 2306 1230 2374 eundem
1243 2307 1368 2371 adscri-

156 2411 275 2475 bentes
294 2411 398 2484 uobis,
415 2410 681 2476 benedictionem
707 2433 785 2477 uero
803 2433 824 2476 a
846 2412 921 2476 Deo
939 2421 1181 2496 consequenter
1202 2412 1267 2476 illis
1289 2432 1366 2495 pro·

156 2513 368 2578 missionibus
384 2533 471 2596 quae
487 2515 530 2578 ad
547 2535 624 2579 eum
640 2514 749 2578 sactae
764 2522 842 2579 sunt
858 2515 928 2578 iure
943 2523 978 2578 et
993 2514 1055 2599 ipsi
1072 2514 1293 2599 accipientes!

221 2615 340 2681 horum
363 2616 499 2700 quidem
516 2619 680 2682 dictorum
697 2617 935 2697 fortitudinem,
952 2626 986 2685 et
1001 2618 1092 2703 quod
1112 2620 1184 2684 sine
1205 2619 1272 2684 ulla
1287 2639 1366 2684 con·
1380 2639 1424 2688 20

156 2723 317 2788 trouersia
344 2723 472 2788 dictum
496 2722 667 2799 habeatur,
692 2741 792 2788 nemo
816 2722 918 2806 digne
939 2742 1099 2806 umquam
1117 2723 1242 2806 poterit
1259 2721 1366 2786 demi·

156 2846 236 2890 rare.
281 2826 474 2908 praestabat
496 2825 586 2889 enim
611 2826 658 2890 eis
683 2833 716 2889 et
739 2824 783 2888 ad
806 2823 938 2898 illorum
963 2845 1108 2902 sensum,
1130 2825 1187 2907 qui
1209 2825 1367 2889 aestima·

157 2929 279 2992 bantur
297 2948 358 3012 per
378 2928 447 2992 uim
471 2927 572 2992 fuisse
596 2927 640 2992 ab
656 2947 696 2990 eo
717 2926 868 3002 adtracti,
885 2926 1115 2991 abundantem
1131 2927 1364 3010 probationem

221 3155 250 3220 εἰ
267 3155 330 3241 γὰρ
352 3153 438 3236 ὑμεῖς
456 3159 516 3223 τοῦ
533 3158 681 3243 Χριστοῦ
703 3158 800 3238 σῶμα
823 3153 877 3220 διὰ
898 3157 954 3237 τὴν
976 3152 1032 3220 ἐπὶ
1053 3156 1112 3222 τοῦ
1132 3153 1367 3238 βαπτίσματος

156 3257 367 3340 α’ναγέννησιν
380 3258 483 3324 τύπον
498 3257 640 3348 ἔχουσαν
654 3261 712 3340 τῆς
730 3256 804 3324 τότε
823 3255 1044 3342 παρεσομένης
1065 3255 1140 3339 ὑμῖν
1163 3255 1245 3341 πρὸς
1269 3253 1366 3322 αὐτὸν
1379 3279 1419 3346 25

155 3358 350 3442 ὁμοιότητος,
372 3359 390 3425 ὁ
412 3359 448 3426 δὲ
469 3358 614 3446 Χριστὸς
635 3363 694 3427 τοῦ
715 3358 875 3445 Ἀβραὰμ
890 3357 1032 3445 σπέρμα·
1049 3355 1173 3440 ἀνάγκη
1196 3357 1251 3424 καὶ
1273 3357 1364 3442 ὑμᾶς,

155 3461 193 3527 τὸ
223 3463 343 3528 ἐκείνου
372 3464 477 3546 σῶμα,
506 3459 620 3528 τούτου
650 3460 729 3528 εἶναι
758 3460 892 3546 σπέρμα
920 3459 1021 3547 οὕπερ
1045 3458 1083 3543 δὴ
1108 3459 1260 3532 κάκεῖνος·
1293 3459 1366 3526 ὅθεν

155 3563 282 3634 εἰκότως
304 3563 359 3630 καὶ
381 3567 437 3645 τῆς
459 3564 656 3649 ἐπαγγελίας
678 3563 882 3652 κληρονόμοι.

205 3733 219 3766 ο
236 3719 313 3769 adicit
326 3719 348 3769 C
446 3735 477 3770 10
492 3735 541 3783 que
554 3719 610 3783 (for
620 3719 729 3786 quoque)
744 3722 766 3772 C
769 3719 783 3746 ¹*
882 3719 926 3786 qui
940 3720 1056 3782 comt:
1072 3719 1169 3784 adding
1177 3719 1236 3770 estis
1247 3719 1286 3783 ast
1296 3735 1365 3783 corp.

158 3814 186 3849 ιο
204 3815 294 3864 corpus
308 3801 413 3863 Chora)
428 3799 432 3866 Ι
446 3802 548 3866 quidem
559 3817 599 3851 om
610 3801 657 3852 H*
858 3818 885 3866 13
903 3805 967 3854 iusta
979 3803 1100 3853 rationem
1114 3803 1153 3852 C*
1226 3803 1294 3852 iuxta
1306 3819 1323 3853 r.
1336 3803 1370 3852 H

158 3895 186 3945 15
204 3881 335 3932 eiomH*
421 3885 573 3948 17patreC
662 3899 691 3950 19
709 3886 762 3951 ipse
775 3885 814 3935 C*
914 3900 944 3936 οι
962 3885 1089 3935 adomH
1183 3899 1213 3948 ²3
1231 3887 1370 3950 peromH

189 4035 213 4084 5.
242 4021 358 4086 paulo...
372 4021 466 4083 miuus]
489 4019 592 4086 μικροῦι
611 4021 643 4074 ci.
660 4040 694 4074 ou
710 4039 732 4076 c.
785 4021 892 4085 hupins
902 4025 1001 4088 μέτοχοι
1013 4020 1056 4083 nis
1067 4019 1224 4074 ὑποστάσεως
1237 4023 1281 4070 τοῦ
1290 4023 1364 4085 Χρισ-

154 4101 187 4152 vi.
206 4099 329 4164 17(Gk.).
785 4108 827 4154 τοῦ
848 4105 993 4168 γεγόναμεν,
1016 4108 1096 4169 ὥσπερ
1118 4107 1172 4154 τινὰ
1194 4105 1299 4168 φυσικήν
1320 4101 1365 4165 τὴν

191 4200 228 4244 ι4.
251 4183 423 4248 copulasabnem
440 4185 571 4250 accepish's]
604 4186 646 4236 ef.
663 4187 735 4238 Th.'s
785 4188 844 4248 πρὸς
855 4184 928 4236 αὐτὸν
939 4187 1060 4235 κοινωνίαν
1071 4184 1200 4246 δεξάμενοι

154 4282 289 4316 common
299 4267 367 4332 John
378 4267 395 4315 i.
408 4281 451 4332 13:
469 4268 521 4329 ssa
533 4263 630 4327 δυνάμει
642 4267 679 4314 δια
692 4267 735 4325 τὴι
819 4280 858 4316 ιι.
897 4265 1027 4328 denu'rare]
1072 4267 1128 4316 The
1148 4273 1196 4316 act.
1215 4267 1235 4316 is
1252 4265 1365 4332 frequent

154 4349 215 4413 πρὸς
230 4344 304 4396 αὑτὸν
320 4345 460 4408 ὁμοιότητός
475 4365 503 4398 τε
520 4349 559 4396 καὶ
577 4346 735 4407 συναφείας
785 4348 811 4398 in
834 4347 895 4396 both
913 4347 990 4398 MSS.
1011 4347 1041 4396 os
1059 4348 1109 4397 this
1125 4347 1278 4398 translation.
1323 4347 1361 4396 Cf.

153 4426 199 4490 τὴν
214 4431 310 4491 γένεσιν
326 4428 459 4492 δεχόμενοι.
503 4431 570 4481 Heb.
585 4431 620 4480 iii.
636 4447 673 4492 ιο,
690 4445 734 4496 ¹³²
787 4429 897 4486 Rbnsch
919 4429 995 4486 Itala,
1019 4447 1043 4495 p.
1064 4442 1120 4491 301,
1143 4429 1242 4493 Bensly,
1265 4430 1305 4480 M.
1324 4429 1365 4486 F..

155 4515 177 4561 ol
197 4514 369 4563 recrescente
389 4513 428 4562 rai
448 4514 492 4561 τοῦ
509 4513 641 4570 πνεύματος
659 4529 735 4572 μετα·
786 4527 812 4576 p.
828 4525 864 4574 ιγ,
878 4511 1047 4568 Hildebrund,
1059 4511 1136 4576 Apul.
1151 4511 1169 4560 i.
1180 4509 1221 4562 68.
