3292 5206
149 417 213 484 111.
234 417 381 502 19-—21.]
513 431 556 482 ru
580 431 632 482 nr.
656 430 707 480 nn
732 427 1000 481 rnrrrrrsusns
1296 431 1357 496 243

212 602 270 684 qui
284 613 411 666 terrena
424 601 566 686 sapiunt.

214 723 309 783 ‘nam
347 713 517 802 legitimae
552 721 801 784 obseruationes
831 722 874 784 ad
905 729 1114 804 praesentem
1145 722 1249 785 uitam
1281 733 1359 786 sunt

148 825 360 900 necessariae,
383 825 454 887 siue
480 824 684 887 circumcisio
708 825 759 899 sit,
786 825 857 887 siue
881 823 1086 898 sacrificium,
1112 825 1182 888 siue
1209 845 1357 888 escarum
1393 893 1396 898 ,

148 925 388 1002 obseruantiae,
412 926 481 988 siue
505 925 717 989 sabbatorum
741 926 932 1004 custodiae;
956 927 1069 988 omnia
1091 935 1203 990 autem
1226 926 1333 990 haec
1324 945 1358 988 rn

150 1029 260 1091 futuro
287 1028 420 1091 saeculo
447 1029 555 1093 otiosa
581 1038 686 1104 erunt,
709 1030 742 1091 in
765 1048 832 1111 quo
855 1030 1026 1093 constituti
1049 1039 1268 1112 expectantes
1292 1031 1358 1146 iam
1395 1035 1411 1103 5

149 1129 331 1192 secundum
348 1129 513 1194 formam'
505 1152 538 1193 m
554 1129 617 1194 illis
633 1151 704 1194 esse
720 1129 967 1194 existimamur!

215 1277 326 1332 nostra
351 1277 458 1331 autern
484 1268 681 1331 conuersatio
709 1289 745 1331 ιιι
770 1267 866 1331 caelis
889 1266 1032 1343 liabetur,
1058 1267 1141 1330 unde
1163 1268 1359 1332 saluatorem

149 1381 346 1451 erpectarnus
366 1371 534 1434 dominum
556 1371 664 1435 Iesum
691 1371 868 1446 Christum,
891 1371 950 1452 qui
973 1371 1226 1454 transfigurabit
1249 1384 1361 1454 corpus

150 1473 349 1537 humilitatis
375 1484 508 1551 nostrae,
534 1485 573 1539 ut
592 1475 661 1559 fiat
687 1475 790 1557 ipsum
816 1475 978 1556 conforme
1000 1475 1125 1556 corpori
1143 1474 1271 1557 gloriae
1292 1475 1362 1538 eius

150 1577 321 1640 secundum
338 1578 452 1641 boreum
460 1578 628 1660 placitum,
644 1590 681 1642 ut
687 1579 792 1662 possit
806 1578 870 1660 ipse
883 1589 915 1642 et
927 1579 1065 1642 subicere
1078 1579 1144 1643 sibi
1156 1579 1274 1643 omnia.
1378 1589 1418 1636 10

219 1700 348 1759 ‘nostra
370 1707 482 1760 autem
506 1698 714 1761 conuersatio
737 1719 804 1760 non
827 1708 878 1761 est
898 1708 1036 1773 terrena,
1053 1699 1112 1760 sed
1128 1697 1287 1774 caelestis,
1305 1697 1361 1761 ubi

154 1795 199 1857 ire
224 1806 450 1877 expectamus,
479 1799 567 1862 unde
591 1809 625 1862 et
652 1809 782 1862 nostras
809 1800 971 1881 primitias
997 1810 1223 1882 expectamus
1252 1801 1362 1882 ipsum

156 1899 333 1976 Christum,
350 1901 405 1982 qui
421 1901 485 1965 hoc
500 1923 618 1985 corpus
640 1904 729 1985 quod
753 1922 840 1965 nunc
862 1902 1073 1966 humiliatum
1097 1912 1148 1966 est
1170 1903 1233 1967 sub
1256 1912 1362 1966 morte

156 2001 198 2064 ad
230 2002 502 2067 inmortalitatem
528 2003 713 2084 transferat,
739 2005 847 2068 simile
875 2004 954 2067 illud
986 2025 1046 2067 suo
1073 2005 1202 2088 corpori
1229 2002 1361 2066 faciens

155 2103 233 2186 quia
249 2125 316 2167 non
332 2106 439 2169 solum
455 2107 518 2169 hoc
533 2117 645 2190 potest
664 2107 779 2182 lacere,
797 2109 854 2171 sed
879 2109 991 2172 omnia
1014 2129 1176 2172 renouans
1199 2109 1261 2172 sibi
1285 2129 1363 2172 con·
1380 2118 1414 2186 15

155 2207 283 2290 iungit3
315 2209 362 2273 ita
383 2219 420 2273 ut
440 2211 548 2272 omnis
569 2211 755 2294 corruptela
776 2209 925 2273 soluatur
947 2219 981 2272 et
1001 2212 1113 2274 omnia
1134 2210 1177 2273 ad
1200 2209 1294 2273 illum
1316 2210 1364 2271 in·
1386 2195 1394 2218 ⁸

156 2312 305 2394 spiciant,
336 2315 430 2396 quasi
461 2315 718 2397 principatorem
749 2323 783 2377 et
812 2322 981 2377 auctorem
1012 2313 1265 2396 incorruptionis
1300 2311 1363 2376 sibi

155 2417 374 2482 existentem!
420 2439 498 2481 nam
515 2420 604 2501 quod
620 2418 684 2481 hoc
704 2418 737 2480 in
757 2417 830 2480 loco
851 2417 939 2480 dixit
957 2417 1101 2495 nrbicere,
1120 2437 1185 2480 non
1207 2417 1240 2481 in
1262 2417 1363 2480 serui-

157 2526 228 2580 tute
252 2517 309 2581 illa
333 2540 419 2601 quae
443 2541 487 2584 ex
515 2521 711 2583 necessitate
733 2527 785 2582 est
808 2519 999 2584 dicit-non
1025 2520 1113 2582 enim
1140 2517 1204 2582 hoc
1230 2519 1264 2582 in
1289 2517 1363 2580 loco

206 2684 219 2732 5
237 2678 310 2722 erunt
329 2681 353 2722 et
371 2673 405 2722 H
413 2670 417 2735 Ι
433 2675 458 2721 in
477 2688 552 2737 quem
572 2671 700 2722 constituit
719 2670 758 2721 C*
770 2671 805 2720 H
835 2672 862 2720 in
879 2687 953 2736 quem
973 2669 1101 2720 constituti
1121 2667 1152 2734 rl
1168 2670 1323 2734 expectando
1344 2669 1365 2719 C

157 2753 233 2812 (corr)
408 2757 423 2804 8
441 2754 626 2818 transfigurauit
647 2755 668 2803 C
684 2754 718 2802 H
886 2767 914 2801 rr
932 2751 1062 2801 celestistis
1080 2748 1126 2814 ΗΙ
1141 2765 1192 2814 quo
1212 2750 1269 2811 (firr
1278 2750 1331 2814 ubi)
1350 2764 1367 2798 r

158 2851 188 2897 14
205 2835 335 2885 transferet
346 2851 362 2884 r
467 2838 496 2886 18
513 2837 539 2885 in
550 2837 640 2885 semite
650 2836 684 2884 H
711 2833 824 2883 seruituti
835 2850 852 2882 r
961 2848 991 2898 ¹9
1008 2840 1044 2883 est
1056 2848 1093 2881 om
1105 2833 1140 2881 H

192 2986 215 3038 5.
248 2973 385 3036 contituti]
418 2975 465 3024 See
482 2991 522 3023 vv.
538 2973 575 3031 ll.¹
592 2975 642 3023 and
659 2972 692 3022 cf.
709 2987 735 3037 p.
785 2971 850 3033 tum]
884 2971 933 3022 See
949 2987 983 3020 on
1000 2969 1066 3033 Eph.
1086 2969 1103 3019 i.
1121 2970 1154 3029 83
1171 2971 1221 3019 and
1238 2969 1298 3018 with
1315 2967 1365 3019 this

162 3071 215 3116 ror,
230 3055 246 3105 l.
261 3058 293 3106 8:
314 3054 365 3103 “in
376 3055 429 3104 uita
440 3055 483 3103 illa
493 3055 641 3105 constitutos
650 3054 681 3114 ”3
697 3069 737 3103 ex·
785 3067 889 3116 passage
900 3067 983 3115 comp.
995 3067 1010 3100 a
1023 3051 1097 3100 Latin
1109 3055 1203 3099 extract
1214 3048 1278 3098 from
1293 3047 1365 3099 ‘nr's

154 3144 274 3202 pectantes
286 3138 306 3188 is
318 3137 424 3202 perhaps
436 3137 500 3186 rard
511 3137 663 3200 προσδοκίαν.
688 3137 738 3186 For
786 3131 885 3182 trectise
905 3147 945 3195 ag.
965 3130 1008 3180 the
1025 3128 1194 3194 Augustinian
1210 3127 1322 3178 doctrine
1339 3126 1369 3176 of

159 3237 200 3271 sec,
207 3219 419 3283 sormam=md
432 3218 516 3278 τύποι,
528 3235 569 3270 see
580 3236 604 3285 p,
618 3221 658 3281 58,
670 3220 696 3270 ll,
714 3235 734 3281 ι,
786 3213 892 3278 original
907 3213 944 3262 s'm
962 3213 1067 3276 (Mlgne,
1090 3214 1170 3274 1010),
1193 3211 1281 3260 “sicul
1297 3209 1365 3259 enlm

164 3301 201 3353 16.
786 3293 926 3343 conformes
942 3293 1016 3343 Adae
1032 3292 1168 3342 secundum
1185 3297 1277 3340 statum
1294 3303 1364 3353 prae·

194 3397 215 3447 7.
249 3383 361 3446 habetur]
393 3382 509 3446 ὑπάρχεις
526 3384 613 3449 Vulg.,
624 3391 666 3434 est.
786 3383 882 3424 sentem
898 3389 982 3424 sumus
999 3388 1085 3422 omnes
1101 3371 1190 3431 eflecti,
1210 3370 1246 3420 sic
1263 3369 1365 3420 Christo

194 3467 217 3516 8.
250 3465 451 3530 transfigurabit]
492 3465 541 3516 See
558 3466 638 3515 above
660 3480 694 3515 on
712 3480 735 3514 v,
785 3456 889 3506 domino
908 3454 1048 3506 conformes
1070 3453 1205 3503 efficiemur
1230 3452 1256 3502 in
1281 3457 1365 3516 poste·

164 3563 200 3598 ro.
242 3548 445 3613 Transfiguraur't
462 3547 513 3607 (see
532 3563 572 3598 vv.
593 3546 633 3607 ll.)
653 3561 739 3596 occurs
787 3555 859 3599 rum;
875 3537 1066 3602 transfigurabit
1079 3536 1152 3596 enim,
1167 3535 1220 3596 δια,
1233 3543 1267 3596 et,
1280 3535 1366 3600 qualia

162 3628 187 3677 in
205 3627 283 3678 MSS.
295 3627 325 3678 of
338 3627 380 3677 tbe
397 3628 429 3678 0.
445 3628 474 3676 l.
490 3625 639 3687 (Sabatier),
656 3624 740 3674 whilst
787 3621 914 3682 tenemus,'
917 3619 980 3671 ’δια
1002 3617 1077 3682 [Phil.
1098 3617 1132 3670 iii.
1153 3631 1193 3678 rr,
1215 3618 1304 3668 rCor.
1322 3632 1361 3668 xv.

160 3707 357 3768 nmiat.,Fu1d.,
368 3705 738 3772 haveresormamtlchisch..
788 3703 827 3766 48,
843 3702 893 3768 49]-

164 3789 220 3840 Cod.
235 3791 295 3839 Am.
298 3789 381 3880 ,prol
392 3803 418 3853 p.
426 3786 520 3852 xxviii).
549 3787 638 3880 ‘'tf‘'
648 3789 738 3851 ipsum,
822 3799 860 3849 13·
883 3789 987 3847 corpur..
993 3781 1102 3846 faciem]
1138 3779 1269 3840 Lnnfranc,
1290 3777 1322 3828 R.
1340 3783 1366 3830 of

162 3868 267 3918 which'
260 3884 281 3918 rs
292 3877 338 3918 not
348 3869 373 3918 in
386 3869 428 3919 the
439 3870 515 3919 Latin
526 3867 643 3928 versions,
657 3883 739 3932 repre·
788 3866 818 3916 B.

161 3958 228 3999 sents
240 3949 272 3998 εἰς
282 3952 311 3998 τὸ
326 3950 440 4010 γενέσθαι
457 3949 523 4010 αὐτὸ,
537 3949 579 4000 the
593 3948 697 4012 reading
713 3947 742 3996 of
823 3963 833 3997 r
838 3961 861 4010 5.
883 3947 926 3996 sed
933 3961 1017 3996 omma
1033 3960 1163 4005 rennuens,
1177 3943 1235 4006 &c.]
1268 3943 1316 3994 See
1332 3957 1366 3992 on

161 4031 466 4096 slimechexpositors.
498 4032 638 4082 Secundum
650 4029 740 4079 bonum
788 4028 856 4093 Eph.
868 4027 884 4076 i.
900 4040 937 4086 ro,
952 4026 1007 4076 Col.
1019 4025 1035 4074 i.
1050 4023 1087 4080 16,
1099 4039 1136 4088 sq.

159 4113 279 4179 placitum
299 4129 347 4163 can
368 4114 457 4177 hardly
474 4114 545 4178 point
565 4121 592 4163 to
610 4129 625 4162 a
644 4113 740 4162 vadant
824 4123 861 4173 17.
891 4105 1096 4174 prirrcipatrrem]
1141 4103 1180 4156 Cf.
1199 4119 1224 4168 p.
1244 4115 1284 4165 40,
1303 4101 1321 4152 l.
1343 4117 1364 4162 r,

162 4197 226 4244 κατὰ
237 4196 282 4255 τὴν
295 4195 409 4254 εὐδοκίαν,
419 4194 448 4244 of
456 4195 537 4244 which
545 4211 580 4244 no
588 4201 654 4244 trace
665 4194 741 4243 existe
788 4199 855 4242 note.

162 4275 189 4326 in
206 4276 248 4326 the
266 4275 345 4326 MSS.
361 4273 519 4324 orversions.
550 4272 600 4332 Cf,
614 4273 737 4332 however,
824 4275 861 4324 18.
886 4267 1168 4327 nonr'rrsemitutcr'lla,
1183 4264 1238 4326 dre]
1267 4264 1365 4328 Chrys,

162 4358 206 4408 the
222 4357 356 4422 rendering
370 4357 445 4422 given
456 4357 490 4420 by
503 4356 562 4419 Vig.
574 4355 664 4419 rapsa
681 4356 741 4404 “se-
789 4369 823 4405 on
841 4353 883 4403 the
902 4359 1025 4415 contrary,
1048 4348 1176 4411 distinctly
1194 4347 1306 4396 includes
1325 4346 1368 4396 the

163 4441 273 4491 cundum
287 4455 358 4490 suam
369 4439 524 4490 uoluntatem
538 4443 566 4488 ut
577 4433 682 4502 possit,’'
693 4436 737 4488 &c
789 4431 1112 4500 compulsorysubjugation
1123 4429 1152 4479 of
1157 4427 1247 4480 hostile
1259 4441 1367 4492 powers:

198 4537 236 4574 rr.
268 4530 367 4573 nostrus
379 4520 638 4588 primitias...rpsum
658 4517 742 4569 Chris·
790 4518 887 4575 δύναμιν
915 4515 968 4575 ἔχει
1000 4507 1094 4574 (φησιν)
1128 4505 1190 4558 dure
1220 4507 1253 4555 τὰ
1287 4505 1370 4554 πάντα

1179 4607 1281 4671 16-2
