3332 5210
286 356 328 418 86
618 367 844 436 rrrsononus
869 368 1160 420 uorsunsreuus
1350 356 1421 442 [IV.
1442 375 1489 438 30.

286 547 397 604 autem
427 538 598 604 secundum
631 539 795 622 Spiritum
825 538 922 614 dixit,
954 537 1018 604 hoc
1048 547 1109 620 est,
1141 549 1177 604 ut
1204 540 1293 605 dicat
1325 563 1401 606 eum
1432 545 1490 627 qui

285 643 468 706 secundum
499 644 752 736 promissionem
784 652 855 722 est3
892 664 933 706 eo
957 645 1047 726 quod
1073 653 1220 709 nostram
1245 667 1421 729 personam
1445 647 1490 710 ad

285 742 536 810 similitudinem
553 746 640 810 illius
656 756 727 810 erat
743 745 937 810 econtrario
953 747 1130 830 positurus.
1153 748 1186 810 in
1204 749 1325 829 quibus
1343 749 1491 828 Spiritus

285 865 408 910 nomen
425 849 585 912 ueraciter
600 850 787 931 ponebatur
807 858 943 931 propter
965 848 1021 912 illa
1044 870 1131 930 quae
1152 849 1195 912 ab
1217 849 1281 912 illis
1304 849 1490 914 creduntur.

253 969 268 1036 5
285 950 432 1032 optimos
448 970 526 1014 uero
541 951 751 1034 allegoristas
772 950 927 1014 uolebam
949 950 1013 1013 hoc
1033 950 1065 1014 in
1086 950 1160 1013 loco
1178 950 1260 1014 illud
1278 953 1490 1034 interrogare,

286 1061 396 1117 utrum
422 1053 535 1120 diuina
566 1057 728 1139 scriptura
755 1054 868 1118 retulit
891 1055 989 1118 nobis
1019 1054 1177 1136 quoniam
1202 1054 1348 1120 Ismahel
1379 1077 1490 1138 perse-

284 1157 448 1238 quebatur
475 1158 577 1234 Isaac,
599 1157 662 1221 hoc
683 1156 872 1240 significans
895 1157 1052 1240 quoniam
1078 1157 1215 1238 quidam
1239 1167 1333 1221 erant
1356 1158 1487 1222 illorum

285 1258 342 1340 qui
372 1279 416 1322 ex
446 1260 692 1324 circumcisione
715 1269 801 1336 sunt,
828 1259 885 1341 qui
916 1261 950 1322 in
982 1259 1170 1322 nouissimis
1196 1260 1404 1342 temporibus
1430 1258 1489 1322 ali-

285 1364 421 1444 quando
451 1360 533 1439 illos,
553 1364 610 1444 qui
636 1383 681 1426 ex
706 1363 835 1428 Galatis
862 1362 995 1427 Christo
1019 1364 1238 1436 crediderant,
1265 1365 1488 1428 transducturi

235 1477 273 1524 ιο
286 1475 379 1532 erant
395 1468 437 1530 ad
454 1464 587 1548 legem?
618 1474 652 1529 et
667 1467 741 1548 quis
757 1467 879 1549 poterit
891 1467 1057 1549 condigne
1073 1467 1254 1548 aliquando
1270 1467 1303 1530 id
1319 1467 1488 1532 deridere?

286 1567 398 1650 itaque
427 1567 454 1632 si
485 1567 566 1630 nihil
596 1567 696 1640 aliud,
724 1568 844 1630 saltem
868 1566 932 1630 hoc
955 1590 1012 1631 eos
1039 1570 1227 1651 perspicere
1257 1571 1487 1648 conueniebat,

284 1673 441 1752 quoniam
461 1671 632 1735 historiam
659 1670 830 1754 apostolus
854 1672 948 1753 quasi
974 1693 1051 1736 uere
1078 1672 1241 1737 sactorum
1270 1676 1487 1756 negotiorum,

285 1783 318 1836 et
334 1773 366 1836 in
383 1773 589 1839 consessione
604 1776 823 1838 deductorum
837 1774 1047 1850 existentem,
1060 1776 1091 1839 in
1104 1797 1164 1839 sua
1177 1776 1287 1858 posuit
1301 1779 1488 1840 narratione

285 1889 321 1942 ut
350 1878 560 1942 confirmaret
591 1878 647 1942 illa
676 1899 762 1961 quae
792 1880 933 1942 dixerat.
978 1881 1161 1943 secundum
1202 1881 1486 1960 comparationem

232 1993 267 2058 15
285 1999 363 2044 uero
384 1979 489 2045 uoluit
514 1982 690 2046 ostendere
718 1981 889 2044 historiam
916 1979 960 2042 ad
985 1979 1075 2044 illam
1103 1980 1365 2046 similitudinem.
1399 1982 1486 2045 unde

283 2091 317 2144 et
332 2081 389 2146 illa
410 2082 599 2166 quaefacta
617 2081 747 2146 lucrant
766 2083 831 2146 illis
854 2082 897 2146 ab
921 2083 1089 2146 extraneis
1109 2083 1233 2146 abusus
1254 2104 1327 2148 esse
1348 2085 1486 2148 uidetur.

282 2186 401 2267 quibus
417 2187 691 2268 inconsequenter
706 2185 803 2249 simul
820 2195 853 2249 et
870 2185 1047 2268 magnifice
1063 2188 1184 2250 adicit:

345 2314 404 2377 sed
428 2313 511 2395 quid
532 2314 613 2376 dicit
635 2313 827 2394 ursillum?
871 2312 948 2376 ‘cr‘ce
960 2313 1114 2377 ancillam
1134 2323 1165 2377 et
1174 2315 1290 2398 filium
1305 2315 1374 2380 eius
1384 2339 1400 2395 ;
1424 2335 1485 2378 ιινιι

280 2418 365 2481 enim
381 2417 470 2480 lrcrcs
484 2417 651 2500 eritfilius
665 2416 804 2479 ancillae
816 2437 888 2479 cnm
889 2415 966 2498 filio
982 2417 1114 2482 liberari

177 2493 211 2516 (-

172 2525 201 2544 Γ
226 2555 268 2602 20
347 2554 382 2608 ut
399 2545 487 2608 dicat
503 2545 660 2628 quoniam
684 2543 781 2607 ‘nihil
806 2545 941 2626 prodest
965 2543 1028 2606 illis
1052 2545 1213 2621 laborare,
1234 2545 1328 2609 sicuti
1354 2545 1484 2609 necilli

280 2656 359 2710 tunc
390 2647 519 2730 profuit.
565 2645 663 2724 †nec
694 2646 782 2710 enim
810 2637 860 2708 est
892 2645 1002 2730 aliqua
1034 2648 1226 2709 communio
1256 2647 1484 2730 praesentibus

280 2750 322 2812 ad
343 2749 460 2820 sutura,
482 2750 540 2812 sed
566 2770 625 2812 nec
647 2748 768 2815 habere
785 2759 935 2832 possunt
963 2750 1072 2812 locum
1099 2748 1249 2832 legitima
1276 2750 1309 2812 in
1334 2760 1481 2814 nostram

280 2853 577 2930 conuersationem,
599 2873 700 2935 quarn
732 2851 914 2915 secundum
946 2851 1087 2916 sormam
1119 2852 1295 2936 implemus
1325 2875 1483 2918 resurrec-

279 2959 386 3022 tionis.
439 2955 518 3039 quid
541 2976 619 3038 ergo
639 2955 796 3019 festinant
817 2955 863 3018 illi
889 2977 946 3018 eos
973 2957 1029 3038 qui
1055 2957 1087 3018 in
1110 2956 1243 3020 Christo
1270 2957 1482 3022 crediderunt

225 3072 262 3137 25
279 3061 378 3125 etiarn
403 3059 446 3123 ad
465 3057 547 3141 legis
566 3059 753 3122 custodiam
776 3057 942 3128 traherei’
987 3057 1110 3120 deinde
1131 3061 1226 3138 quasi
1249 3059 1366 3141 quiex
1388 3081 1482 3144 prae-

278 3160 472 3228 cedentibus
492 3160 647 3244 colligere
668 3168 800 3242 poterat
816 3159 986 3241 negotium
1007 3159 1137 3222 dicens:
1152 3159 1171 3197 ¹*

341 3351 488 3436 οὐδὲγάρ
505 3351 595 3417 ἐστίν
610 3377 658 3420 τις
673 3349 821 3415 κοινωνία
841 3351 906 3414 ‘triu
927 3348 1096 3433 παρόντων
1119 3348 1173 3414 καὶ
1197 3353 1262 3415 τῶν
1284 3348 1481 3432 μελλόντων·

277 3453 341 3521 οὐδ’
357 3455 428 3544 ἔχει
443 3452 552 3542 χώραν
565 3453 606 3519 τὰ
621 3451 739 3535 νόμιμα
755 3451 810 3516 ἐπὶ
825 3454 881 3532 τῆς
896 3448 970 3516 καθ’
985 3449 1069 3532 ἡμᾶς
1085 3449 1215 3532 διαίτης,
1229 3449 1267 3532 ἢν
1282 3451 1367 3518 κατὰ
1382 3453 1483 3519 τύπον

277 3563 465 3645 πληροΰμεν
486 3559 543 3639 τῆς
570 3556 789 3623 α’νοσπάσειιτ.
833 3554 886 3620 καὶ
902 3554 1019 3621 λοιπὸν
1034 3554 1075 3624 ois
1096 3557 1151 3622 ἐπὶ
1175 3559 1241 3624 τῶν
1264 3557 1483 3644 προκειμένων

277 3659 572 3746 ἕπισνλλογίζετιιι.

327 3798 336 3834 1
358 3782 478 3847 Spiritum
491 3782 611 3849 Spiritum
623 3781 667 3833 ll*
734 3787 851 3832 anostra
863 3793 969 3842 persona
982 3779 1004 3827 C
1014 3779 1047 3828 ΙΙ
1114 3779 1255 3844 3ροείῑοτο
1269 3781 1332 3830 CII
1342 3781 1346 3846 Ι
1362 3782 1483 3846 Spiritum

275 3870 308 3920 H
320 3867 384 3932 [sor.
401 3867 447 3929 leg.
466 3865 587 3930 Spiritum
604 3861 848 3926 nomen..,ponebat]
959 3873 972 3922 7
995 3867 1065 3910 crant
1085 3859 1187 3924 quidem
1208 3863 1230 3910 C
1246 3862 1348 3926 quidem
1366 3872 1436 3914 erant
1455 3863 1488 3913 H

273 3965 289 4015 9
307 3948 442 4000 transducti
454 3955 524 3997 erant
539 3945 573 3995 C*
587 3943 721 3995 transducti
733 3951 789 3993 sunt
802 3941 835 3992 H
916 3957 941 3990 11
961 3939 1043 3989 saltim
1058 3941 1079 3989 C
1086 3941 1096 3963 ¹
1110 3941 1151 4002 [cs.
1164 3941 1276 4008 Wagner
1285 3943 1349 3993 οιτΙι.
1370 3945 1440 4010 Verg-
1453 3957 1479 3995 v.

274 4044 330 4096 470,
344 4031 410 4082 cited
423 4030 455 4094 by
469 4028 540 4080 llild.
555 4029 602 4090 Ap.
619 4026 642 4075 ii.
658 4023 717 4087 633]
786 4037 814 4085 13
832 4022 978 4072 delictorum
990 4021 1048 4085 (sor
1059 4021 1170 4086 deduct.)
1183 4025 1216 4072 H
1285 4037 1313 4088 19
1331 4027 1397 4074 enlm
1409 4043 1447 4075 om
1463 4027 1484 4076 C

274 4129 302 4164 τι
323 4127 368 4164 nec
379 4111 445 4160 enim
458 4108 518 4158 talia
529 4107 562 4156 ll
632 4121 660 4155 ιτ
680 4105 705 4154 in
717 4103 828 4168 legitima
840 4101 883 4150 H*
896 4102 922 4152 in
934 4101 1072 4165 legitimum
1084 4102 1117 4152 H
1125 4103 1199 4162 (corr)
1278 4102 1308 4152 τό
1326 4105 1444 4154 collidere
1457 4105 1490 4154 II

306 4241 328 4289 5.
356 4223 516 4289 allegoristns]
540 4221 577 4272 Cf.
590 4237 614 4286 p.
629 4233 666 4282 73,
682 4220 699 4268 l.
713 4220 751 4278 28,
766 4225 832 4266 note.
902 4217 931 4266 ol
940 4217 981 4266 the
992 4215 1073 4266 facts)
1096 4218 1152 4266 The
1162 4217 1265 4281 reading
1273 4217 1301 4266 oi
1310 4219 1342 4267 II
1347 4218 1419 4268 looks
1430 4217 1482 4270 like

309 4323 317 4358 ι
323 4325 345 4372 3.
376 4307 404 4356 in
415 4306 559 4370 consessione
567 4301 732 4363 deductorum]
749 4297 785 4362 ἐφ’
797 4299 851 4358 ὁμο·
902 4313 934 4348 ιο
946 4307 1050 4364 attempt
1063 4307 1089 4349 to
1101 4315 1189 4364 escape
1201 4300 1265 4349 t'rom
1277 4300 1319 4348 the
1330 4299 1459 4364 difficulty.

272 4389 347 4448 λογίῳ
362 4387 410 4434 τῶν
426 4383 574 4446 §inpunitus
591 4399 620 4432 or
633 4383 675 4436 the
687 4381 754 4440 like;
773 4379 851 4430 ‘wrtt-
936 4395 975 4430 οι.
1004 4383 1122 4430 rurcm'nr
1134 4389 1168 4432 est
1177 4381 1211 4430 al.
1230 4379 1329 4442 rorum]
1362 4380 1401 4429 Cl.
1418 4397 1441 4445 p.
1455 4400 1478 4442 4,

273 4479 313 4519 ten
331 4468 390 4518 with
408 4485 422 4518 a
440 4469 502 4518 view
520 4476 546 4516 to
560 4467 602 4518 the
619 4463 851 4529 acknowledgrncnt
903 4461 918 4514 l.
939 4478 973 4524 ¹4·
990 4469 1057 4512 note.
1136 4533 1141 4538 Ι
