3332 5210
291 369 333 448 56
394 337 398 346 ¹
622 379 850 432 rneouonus
874 373 1166 431 uomuesreuus
1281 363 1360 447 [ΙΙΙ.
1378 377 1428 444 27,
1445 363 1494 426 28.

290 555 347 639 qui
363 553 422 618 filii
443 553 508 618 Dei
530 552 712 636 nuncupati
732 557 826 634 sunt3
849 551 939 635 quod
959 550 1051 616 nullo
1070 550 1172 615 modo
1192 548 1256 614 illis
1278 549 1427 614 accidere
1446 550 1496 614 fas

290 667 370 735 erat,
392 658 420 721 si
439 657 616 722 uirtutibus
640 656 801 720 donatam
825 654 888 720 sibi
914 653 1133 737 adoptionem
1159 653 1303 718 filiorum
1330 652 1497 718 custodire

290 759 490 838 uoluissent;
512 759 589 825 ideo
614 757 756 822 filiorum
784 757 1000 840 adoptionem
1027 754 1198 839 apostolus
1223 755 1495 820 resurrectionem

289 883 362 928 esse
398 863 488 938 dicit,
519 882 561 926 eo
590 860 682 944 quod
711 859 905 924 inmortales
936 859 1058 923 erimus
1087 858 1394 923 tunc-secundum
1431 857 1496 922 hoc

257 967 380 1048 5enim
402 973 436 1029 et
460 965 494 1028 in
517 963 723 1047 baptismate
751 962 895 1026 filiorum
926 961 1144 1044 adoptionem
1173 959 1312 1042 adsequi
1346 960 1494 1036 dicimur,

290 1067 474 1131 secundum
501 1067 592 1150 quod
619 1066 653 1129 in
679 1065 838 1148 baptismi
864 1063 1027 1148 primitias
1052 1063 1267 1146 suscepimus,
1292 1061 1434 1126 formam
1462 1064 1494 1126 in

290 1171 410 1236 eodem
441 1170 646 1253 baptismate
669 1169 786 1233 mortis
811 1188 946 1251 quoque
969 1175 1005 1230 et
1030 1166 1277 1232 resurrectionis
1307 1166 1494 1250 implentes.

289 1273 336 1339 sic
359 1273 503 1338 enimet
526 1273 568 1337 ad
596 1271 769 1337 Romanos
793 1271 940 1336 scribens
964 1271 1064 1336 dicit:
1087 1291 1150 1334 non
1174 1271 1278 1334 solum
1302 1281 1420 1348 autem,
1440 1270 1499 1335 sed

247 1369 248 1372 '
288 1385 320 1438 et
342 1375 406 1459 ipsi
421 1374 596 1457 primitias
620 1373 766 1458 Spiritus
789 1372 938 1438 habentes
964 1394 1023 1436 reos
1046 1372 1111 1456 rjesr'
1135 1371 1171 1436 in
1196 1373 1287 1440 nobis
1310 1372 1390 1455 ipsis
1407 1373 1494 1455 inge·

237 1499 274 1546 10
288 1479 461 1555 mircimus,
476 1477 630 1562 filiorum
649 1477 848 1559 adoptionen
867 1485 1067 1558 expectantes,
1089 1474 1332 1557 redemptrimem
1357 1474 1495 1557 corporei

288 1579 415 1653 πιθανὴ·
447 1579 590 1644 filiorum
615 1580 830 1663 adoptionem
850 1599 965 1642 uerum
989 1597 1121 1650 uocans,
1146 1598 1186 1641 eo
1207 1575 1297 1659 quod
1318 1585 1398 1640 tunc
1418 1586 1495 1659 post

289 1681 559 1747 resurrectionem
577 1681 769 1745 inmortales
795 1680 904 1744 effecti
928 1680 1206 1763 permanebimus.
1250 1680 1353 1743 sicet
1375 1679 1408 1743 in
1430 1676 1494 1741 hoc

288 1785 361 1849 loco
388 1785 468 1850 dicit
492 1785 650 1868 quoniam
668 1783 858 1847 ‘credentes
874 1784 906 1847 in
924 1783 1092 1848 Christum
1119 1783 1176 1846 filii
1201 1782 1267 1847 Dei
1284 1781 1363 1846 facti
1387 1783 1466 1846 estis
1479 1781 1494 1859 ;'

287 1889 350 1952 hoc
371 1899 431 1966 est,
456 1893 488 1952 ‘a
514 1897 622 1952 morte
645 1887 804 1952 extitistis
826 1885 941 1963 securi,
962 1896 996 1950 et
1022 1887 1065 1950 ab
1088 1888 1180 1951 omni
1206 1886 1361 1970 passione
1384 1884 1495 1950 liberi!

236 2009 269 2074 15
287 1992 343 2073 qui
359 2001 471 2055 autem
488 1990 678 2054 huiusmodi
693 1999 779 2066 sunt,
796 1989 932 2072 perfecti
951 1988 1001 2071 (ut
1020 1990 1070 2054 fas
1090 1991 1153 2071 est)
1178 1991 1295 2066 effecti,
1318 1990 1405 2054 ultra
1427 2008 1494 2053 non

287 2105 444 2176 poterunt
459 2114 604 2177 peccare,
626 2093 900 2157 inmortalitatem
915 2094 1019 2158 semel
1042 2095 1149 2178 potiti.
1194 2095 1251 2159 lex
1272 2103 1385 2158 autem
1407 2113 1494 2176 quae

287 2199 475 2281 paedagogi
501 2196 611 2261 locum
643 2197 812 2280 implebat,
837 2197 870 2260 in
900 2196 952 2261 his
982 2199 1039 2280 qui
1063 2197 1254 2263 huiusmodi
1280 2206 1359 2262 sunt
1383 2197 1490 2260 locum

286 2299 409 2363 habere
425 2319 491 2363 non
507 2309 647 2382 poterat.
692 2299 772 2382 quid
789 2300 877 2363 enim
893 2310 945 2364 est
964 2301 1054 2383 quod
1077 2303 1184 2364 minus
1205 2300 1268 2364 illis
1289 2298 1394 2383 possit
1413 2317 1493 2372 esse,

287 2404 377 2485 quod
395 2411 429 2467 et
444 2423 464 2466 a
479 2403 677 2486 paedagogo
693 2404 831 2486 adsequi
846 2403 993 2486 possint?
1038 2406 1164 2487 ‘itaque
1185 2424 1292 2487 neque
1313 2399 1493 2466 inmortali·

233 2529 275 2578 20
287 2506 350 2569 bus
366 2506 462 2570 uobis
477 2507 544 2569 iarn
565 2505 660 2570 factis
681 2505 792 2570 locum
814 2506 963 2590 legitima
986 2507 1175 2572 obseruatio
1198 2508 1232 2570 in
1254 2506 1351 2572 uobis
1373 2505 1495 2590 poterit

288 2609 425 2689 habere;
447 2609 504 2673 illa
534 2611 623 2674 enim
650 2610 835 2693 corporalia
861 2620 940 2674 sunt
964 2613 1133 2687 mandata,
1156 2631 1243 2693 quae
1268 2619 1303 2674 et
1329 2609 1373 2674 ad
1399 2629 1494 2692 prae-

287 2721 415 2775 sentem
431 2712 517 2782 hanc
540 2720 575 2776 et
597 2713 814 2796 temporalem
831 2713 935 2776 uitam
952 2723 1141 2795 competere
1156 2712 1328 2778 uidentur)
1365 2723 1399 2778 et
1413 2732 1496 2795 quo-

288 2816 377 2880 niam
395 2817 458 2879 ista
473 2815 507 2879 in
523 2814 635 2888 futuro
652 2826 748 2886 erunt
763 2816 906 2893 saeculo,
921 2837 1010 2880 nunc
1030 2827 1142 2881 autem
1164 2817 1221 2881 illa
1237 2816 1380 2881 necdum
1395 2814 1493 2900 potiti

287 2938 410 2990 sumus,
433 2918 496 2981 nisi
522 2918 735 2983 solummodo
761 2919 795 2983 in
821 2918 948 2997 forma;
974 2920 1049 2984 ideo
1073 2923 1115 2985 ad
1138 2920 1350 3004 baptismatis
1376 2919 1495 2984 transit

231 3035 270 3102 25
287 3022 461 3096 rationem,
485 3022 518 3084 in
545 3041 612 3104 quo
640 3021 772 3085 illorum
796 3020 903 3091 forma
925 3033 1080 3105 suscepta
1101 3033 1162 3102 est,
1185 3033 1218 3088 et
1241 3025 1336 3108 quasi
1360 3025 1427 3088 iarn
1452 3023 1494 3087 de

287 3123 445 3189 confessis
461 3126 549 3207 apud
566 3125 702 3189 eosdem
719 3124 816 3188 rebus
831 3125 988 3208 baptismi
1004 3127 1125 3193 referat
1140 3129 1313 3194 uirtutem:

351 3254 503 3327 quotquot
519 3244 650 3327 (inquit)
670 3245 705 3308 in
723 3243 850 3310 Christo
865 3244 1024 3329 baptizati
1035 3249 1119 3326 estis,
1139 3247 1307 3314 Christum
1323 3247 1496 3322 induisti&

287 3367 349 3414 reon
364 3357 411 3410 est
423 3347 566 3416 Iudaeus
580 3368 676 3430 neque
685 3349 833 3431 gentilr's,·
848 3369 911 3412 non
934 3361 981 3414 est
1001 3373 1118 3417 seruus
1139 3373 1236 3436 neque
1257 3353 1344 3429 liber,
1367 3361 1495 3416 nonest

287 3449 450 3512 masculus
472 3469 569 3532 neque
588 3449 747 3532 feminas
770 3471 877 3515 ornnes
895 3453 981 3517 enim
1005 3475 1061 3518 uos
1084 3475 1187 3518 unum
1208 3455 1285 3518 estis
1306 3453 1342 3516 irr
1365 3452 1495 3519 Christe

232 3565 273 3628 30
286 3551 368 3618 Iesu.

337 3699 350 3751 5
368 3688 529 3754 adoptionem
540 3706 578 3739 em
596 3692 630 3740 H
631 3690 644 3717 *
689 3691 730 3740 tur
741 3690 794 3755 (bes
806 3691 853 3753 fil.)
865 3694 899 3742 H
906 3694 980 3756 (cerr)
1108 3692 1125 3743 6
1141 3695 1167 3744 in
1179 3693 1232 3758 (bes
1239 3693 1322 3759 bapt.)
1333 3709 1373 3743 em
1386 3692 1409 3741 C
1418 3691 1494 3754 (corr)

288 3781 301 3832 7
319 3770 411 3836 quique
425 3771 463 3821 θ’
540 3787 567 3822 11
586 3787 669 3829 ueram
685 3774 708 3823 C
715 3789 754 3822 em
765 3774 800 3822 H
808 3771 812 3837 Ι
827 3789 893 3826 nunc
905 3776 964 3841 (ser
974 3777 1043 3839 tunc)
1057 3777 1080 3827 C
1151 3777 1181 3828 16
1196 3775 1374 3827 inmortalitate
1388 3775 1494 3836 Cicerr)

290 3864 384 3916 17-19
401 3852 664 3920 locum—paedagogo
674 3871 713 3904 om
724 3855 760 3904 H.
867 3872 895 3906 ar
916 3857 959 3907 illa
971 3859 1130 3924 (beshabere)
1141 3859 1235 3909 addH
1327 3873 1359 3908 aa
1377 3873 1427 3923 quo
1438 3857 1497 3921 (fer

287 3936 415 3997 quoniam)
430 3937 451 3986 C
513 3955 526 3986 a
531 3953 544 4001 3
562 3937 688 3987 nunciauit
700 3936 749 4001 (ast
760 3937 869 4000 saeculo)
881 3939 931 3989 add
942 3941 976 3990 H
984 3941 1058 4003 (corr)
1118 3942 1149 3993 26
1165 3941 1261 3992 hisdem
1274 3939 1332 4006 (for
1341 3938 1422 4005 eosd.)
1438 3939 1502 3990 CH

321 4075 344 4122 8.
386 4075 422 4124 ad
445 4077 571 4125 Rorrranos
592 4076 653 4137 ειη]
701 4075 749 4126 See
777 4077 865 4138 above,
917 4077 948 4128 ci.
966 4080 1164 4141 Rdnschdtale,
1177 4097 1202 4146 p.
1218 4093 1273 4144 442.

288 4171 312 4221 p.
329 4155 398 4216 38,1.
416 4172 436 4216 1,
451 4165 519 4207 note.
950 4174 988 4223 29·
1020 4177 1102 4210 unum
1120 4162 1184 4224 estis]
1222 4161 1278 4211 The
1297 4167 1385 4211 neuter
1401 4161 1422 4210 is
1440 4175 1496 4225 pro·

325 4240 362 4288 18.
396 4239 568 4304 nrinus...esse]
590 4241 700 4291 heitar:
717 4257 758 4292 see
777 4257 804 4306 p.
825 4257 864 4304 55,
916 4241 994 4306 bably
1010 4243 1060 4293 due
1078 4253 1104 4294 to
1123 4243 1167 4294 the
1182 4242 1321 4305 translator,
1338 4243 1406 4294 since
1425 4241 1496 4291 Th's

290 4318 420 4382 ll.18,24.
812 4337 821 4348 ·
917 4329 1043 4371 comment
1054 4338 1134 4372 seems
1145 4330 1172 4372 to
1185 4322 1254 4372 shew
1270 4322 1324 4372 that
1339 4321 1372 4371 he
1389 4319 1448 4369 read
1465 4319 1497 4368 eir

322 4397 360 4448 26.
397 4401 467 4463 apud
479 4402 579 4464 eosdem]
611 4402 660 4453 See
680 4419 719 4452 vv.
740 4403 766 4454 ll.
811 4402 866 4453 ‘lhe
917 4399 981 4451 ἐστέ.
1023 4401 1065 4453 Cf.
1088 4404 1181 4455 Tude:
1204 4405 1233 4453 ri
1255 4401 1296 4452 eis
1317 4399 1371 4451 ἐπὶ
1391 4401 1435 4451 τοῦ
1459 4401 1497 4448 ‘tr

289 4480 372 4530 ‹lntive
388 4497 444 4546 may
462 4484 545 4534 rellect
561 4485 603 4534 the
619 4485 670 4535 Gk.
683 4483 748 4547 (ruri
761 4485 864 4544 retroiri:
917 4485 1004 4538 edna-¹
