3340 5232
175 357 218 422 11.
238 373 265 440 5,
281 357 326 442 6.]
575 371 616 422 1u
641 372 693 422 an.
716 372 767 422 no
791 371 974 422 aaxnsros.
1316 371 1372 436 145

172 543 284 608 retulit
310 553 422 608 autem
449 544 529 608 illud
557 545 599 608 ad
626 545 823 626 principium
851 545 951 608 uerbi.
996 543 1043 606 sic
1073 543 1162 606 enim
1189 543 1318 626 coepit:
1347 553 1379 606 et

172 667 229 708 uos
256 668 328 710 cum
357 648 464 711 essetis
497 646 620 710 mortui
646 646 771 710 dalz'ctis
805 656 837 709 et
863 645 1002 729 peccatis
1037 643 1162 708 uestris.
1219 644 1306 706 unde
1343 651 1378 707 et

173 746 335 812 interiecit
364 758 481 825 cetera,
511 768 596 830 quae
627 748 788 812 malitiam
818 768 932 811 eorum
964 747 1194 811 uehementem
1224 752 1378 828 poterant

173 849 355 914 ostendere.
400 851 576 932 resumpsit
598 850 717 912 iterum
739 849 819 912 illud
844 850 876 912 in
901 849 957 912 illa
979 850 1165 913 narratione
1187 845 1378 911 donationis

174 943 247 1022 Dei,
275 949 360 1012 ultra
387 970 453 1015 non
480 951 594 1014 dicens
624 971 688 1026 uos,
715 951 772 1014 sed
803 971 860 1014 nos
869 975 884 1026 ,·
907 961 944 1014 ut
970 952 1126 1014 ostendat
1147 949 1314 1032 -quoniam
1344 955 1378 1012 et
1415 965 1430 1031 5

173 1051 336 1116 malitiam
362 1055 517 1118 aestimat
542 1075 615 1117 esse
645 1074 856 1117 communem
887 1063 921 1118 et
949 1055 1092 1138 gratiam
1118 1052 1276 1117 similiter.
1321 1073 1379 1116 eos

173 1162 285 1215 autem
301 1155 357 1236 qui
372 1155 562 1218 huiusmodi
578 1165 672 1218 erant
688 1155 767 1238 quid
784 1155 885 1218 iecit?

237 1321 478 1406 conuiuificauit
494 1321 628 1387 Christo.

238 1467 346 1521 totum
363 1459 508 1522 reddidit
523 1458 797 1541 praecedentibus
818 1457 882 1521 illis
906 1478 991 1540 quae
1014 1458 1057 1521 de
1081 1456 1214 1521 Christo
1238 1457 1378 1533 dixerat,

171 1562 353 1624 ostendens
382 1564 541 1644 quoniam
572 1562 841 1625 communionem
871 1563 914 1626 ad
945 1582 1021 1625 eum
1050 1560 1213 1625 habemus
1238 1569 1307 1624 tam
1334 1581 1379 1624 ex
1398 1574 1437 1621 10

174 1664 389 1729 similitudine
405 1676 542 1730 naturae
557 1687 659 1748 quam
675 1687 719 1729 ex
735 1667 948 1748 copulatione
964 1667 1217 1730 resurrectionis.

239 1768 360 1832 deinde
375 1770 476 1833 adicit
492 1769 736 1834 resurrectionis
752 1769 898 1833 lucrum:

233 1936 350 2017 gratia
364 1938 440 2000 estis
452 1937 583 2002 saluati.

240 2071 315 2136 uult
340 2075 449 2137 dicere
480 2075 637 2156 quoniam
670 2077 825 2139 ‘suscitat
855 2095 923 2152 uos,
954 2085 991 2140 ut
1027 2076 1113 2140 ultra
1150 2075 1290 2140 salutem
1322 2096 1380 2159 per

174 2173 316 2254 gratiam
332 2175 531 2257 adquiratis!
576 2176 751 2240 ‘salutem'
768 2178 919 2241 nominat
935 2176 1029 2253 hanc,
1046 2179 1079 2241 id
1096 2187 1154 2252 est,
1171 2183 1224 2240 ‘ut
1240 2176 1379 2240 neultra
1397 2193 1432 2259 15

174 2297 235 2359 pro
247 2277 375 2341 delictis
388 2299 530 2361 poenam
543 2279 688 2362 aliquam
701 2281 886 2362 expectetis
899 2280 920 2357 ;’
932 2301 972 2344 eo
984 2280 1073 2363 quod
1086 2291 1120 2344 et
1133 2279 1378 2362 ‘perditionem'

174 2382 288 2446 diuina
314 2384 475 2464 scriptura
501 2404 644 2466 poenam
676 2386 847 2448 nominare
877 2385 1057 2448 consueuit
1102 2385 1187 2447 sicut
1213 2381 1380 2448 Dominus

175 2482 208 2546 in
231 2483 411 2565 euangeliis
435 2484 537 2548 dicit:
563 2485 668 2548 timete
692 2484 799 2567 magis
818 2486 911 2548 illum
935 2484 993 2567 qui
1008 2494 1112 2568 potest
1133 2495 1164 2548 et
1185 2481 1333 2547 animam
1350 2492 1382 2548 et

172 2598 284 2670 corpus
290 2587 424 2670 perdere
445 2587 481 2651 in
497 2588 685 2672 gehennam.
730 2589 788 2652 sed
812 2610 899 2653 nunc
922 2588 1002 2651 illud
1026 2585 1212 2652 euidentius
1227 2588 1323 2664 dixit,
1339 2607 1380 2650 eo

173 2691 263 2773 quod
280 2701 314 2756 et
330 2691 545 2774 inperfectum
562 2691 624 2755 hoc
640 2693 673 2755 in
690 2692 762 2755 loco
778 2711 911 2755 sensum
934 2690 1083 2773 reliquit;
1106 2691 1208 2756 adicit
1223 2691 1280 2754 illa
1293 2711 1380 2774 quae
1394 2714 1437 2762 20

174 2803 356 2874 sequuntur
379 2793 459 2857 illud
484 2794 610 2858 dictum
635 2793 724 2876 quod
748 2794 837 2857 dixit
853 2791 1095 2876 conuiuificavit
1119 2791 1253 2856 Christo.
1298 2793 1378 2875 quid

173 2895 311 2959 dicens?

238 3071 269 3124 et
290 3063 551 3126 conresuscitauit
572 3074 603 3127 et
624 3063 784 3127 consedere
805 3064 889 3145 fecit
917 3063 953 3125 in
981 3062 1163 3125 caelestibus
1188 3063 1223 3124 in
1252 3059 1381 3126 Christo

174 3165 255 3230 Iesu.

239 3283 334 3349 uides
347 3282 506 3365 quoniam
523 3283 578 3346 illa
602 3303 688 3366 quae
711 3284 799 3347 dixit
819 3284 863 3347 de
889 3282 1030 3358 Christo,
1056 3280 1119 3344 illis
1135 3300 1196 3345 nos
1220 3282 1267 3344 ait
1289 3298 1378 3342 com·
1392 3304 1432 3370 ²5

175 3388 360 3450 municasse
375 3407 434 3469 per
446 3386 535 3450 illam
548 3406 633 3468 quae
645 3386 734 3469 apud
750 3406 827 3450 cum
839 3396 890 3449 est
901 3385 1182 3463 coniunctionem;
1199 3385 1378 3448 ostendens

225 3611 321 3676 lcepit
334 3611 419 3662 C'H
505 3618 561 3674 μί
573 3613 626 3676 (bes
630 3612 753 3676 ocularia!
760 3614 793 3662 H
877 3613 1056 3673 4douationes
1070 3613 1132 3662 CH
1213 3609 1377 3660 deestimant

176 3691 240 3741 CH
316 3707 341 3742 ιι
360 3693 593 3743 similitudinemH
669 3709 696 3757 ¹5
714 3695 780 3745 idem
793 3693 851 3758 (sor
861 3695 887 3743 id
899 3693 945 3756 est)
960 3695 1025 3744 CH
1100 3689 1378 3760 19'gehennaC(cm)

189 3769 194 3836 Ι
207 3771 346 3822 euidentius
357 3772 418 3821 illud
430 3773 460 3822 H
547 3790 574 3826 οι
594 3775 681 3842 inquid
694 3775 734 3839 (sc.
747 3773 836 3839 inquit)
851 3772 956 3837 Cicorr)
968 3774 1036 3839 quod
1047 3773 1081 3822 H

175 3960 209 4009 eir
223 3956 268 4019 τὴν
283 3956 362 4020 ἀρχὴν
374 3958 417 4008 τοῦ
432 3957 508 4020 λόγου
523 3961 655 4022 διαγαγὼν
667 3961 751 4010 τοῦτο·
800 3969 931 4026 coeperat:
957 3965 998 4012 ‘et
1019 3977 1064 4010 uos
1084 3976 1142 4011 cum
1159 3959 1245 4010 essetis
1266 3959 1377 4010 mortui’.

175 4037 232 4097 ie,
250 4055 273 4087 v.
292 4039 394 4099 stelles
411 4055 445 4104 up
465 4039 508 4088 the
530 4039 617 4088 thread
634 4039 664 4088 ol
681 4057 704 4090 v.
728 4058 750 4102 1,
802 4055 883 4096 cetera
905 4045 1033 4106 interiecit,
1052 4045 1133 4095 donec
1155 4046 1245 4094 iterum
1260 4044 1323 4094 illud
1342 4061 1378 4094 re·

176 4135 215 4169 vv.
229 4137 293 4182 u-4
304 4121 379 4185 being
395 4123 558 4186 parenthetic.
593 4123 628 4173 So
639 4125 750 4189 Tapae:
801 4128 913 4192 sumpsit,
927 4127 991 4176 ultra
1001 4143 1052 4176 non
1061 4127 1147 4176 dicens
1157 4125 1335 4176 vossednor.”

174 4203 280 4252 ἐνταῦθα
293 4203 308 4262 ἠ
323 4199 435 4253 ἀπόδοσις
452 4205 496 4252 τοῦ
510 4203 603 4254 daudet
620 4207 752 4267 ἀρξαμένου
838 4209 871 4255 18.
909 4207 937 4254 in
948 4206 1091 4270 triangulus]
1115 4207 1189 4255 Matr.
1202 4223 1226 4254 x.
1240 4209 1270 4258 28
1283 4207 1378 4270 (Vulg.‚

176 4286 303 4345 νοήματος,
334 4287 366 4334 τὰ
392 4287 419 4334 δὲ
451 4283 517 4334 ἄλλο
552 4287 751 4348 πορεμβέβλητο.
803 4283 904 4350 nearly).
938 4287 985 4336 See
996 4287 1084 4344 above.
1098 4303 1121 4351 p.
1137 4285 1159 4346 6,
1174 4287 1190 4336 l.
1206 4286 1229 4347 6,
1244 4295 1311 4336 note.

175 4366 235 4416 And
252 4368 327 4418 oce:
354 4366 556 4428 rldrrorrdlloors,
577 4371 640 4428 μετὰ
655 4366 752 4427 πολλὴν
836 4381 873 4428 25.
914 4367 965 4416 illis
992 4383 1035 4416 nos
1061 4367 1380 4428 ait.......c0niumtionem]

175 4449 320 4508 οὐμφροσιο.
368 4447 492 4498 Lanlranc
504 4447 670 4497 abbreviates:
691 4448 751 4498 “sic
803 4447 877 4497 Cited
889 4449 922 4512 by
935 4447 1066 4498 lanfranc.

262 4555 289 4606 S.
1256 4559 1294 4606 10
