3292 5206
312 355 377 437 246
643 369 870 422 snaouonus
893 369 1187 423 mopsuestenus
1399 359 1474 444 [Ν.Ι
1490 377 1516 442 3.

312 550 345 605 et
376 542 419 606 ad
450 541 541 605 illam
568 543 709 607 scribere
736 541 795 627 [et]
822 563 964 626 rogasse,
990 545 1085 628 quasi
1117 545 1279 630 Philippis
1309 565 1517 612 commoran-

311 653 400 722 tem3
433 663 541 725 neque
564 643 606 708 ad
630 645 711 708 illud
738 645 959 728 inspicientes,
984 647 1175 730 quoniam†
1197 647 1286 713 dixit
1307 647 1463 731 affectiosa
1484 661 1517 715 et

312 763 378 807 non
403 743 608 822 ‘affectiosa’
633 747 722 828 quod
746 749 817 810 uiro
840 749 975 830 quidem
996 750 1103 831 aptari
1122 761 1244 832 potest,
1261 752 1388 815 mulieri
1405 763 1516 816 autem

311 865 531 930 nequaquam.
586 868 670 929 quos
694 851 914 915 conueniebat
940 851 1041 914 etiam
1069 851 1149 915 illud
1177 854 1331 935 cogitare,
1359 856 1515 936 quoniam

279 956 294 1023 5
311 947 550 1032 ‘coniugalem’
566 950 680 1013 diuina
691 952 853 1033 scriptura
864 953 954 1016 nullo
968 955 1000 1016 in
1014 953 1087 1017 loco
1099 954 1192 1018 illum
1205 956 1261 1038 qui
1277 957 1402 1039 nuptiis
1414 958 1516 1020 socia-

311 1061 364 1115 tus
380 1062 431 1116 est
446 1053 535 1129 dicit,
551 1055 609 1118 sed
627 1052 720 1118 illum
736 1056 793 1138 qui
809 1057 870 1120 sub
885 1057 1005 1120 eadem
1017 1056 1083 1122 fide
1099 1057 1183 1122 est*
1214 1080 1292 1123 nam
1305 1069 1340 1123 et
1351 1061 1515 1123 Dominus

310 1158 425 1240 -z'ugmn
455 1168 554 1222 uocat
580 1158 671 1223 illam
702 1162 988 1224 conuersationem
1015 1183 1101 1244 quae
1131 1163 1290 1245 sublege
1316 1172 1387 1242 est;
1420 1164 1517 1228 tollite

312 1259 444 1344 (inquit)
469 1262 583 1344 iugum
606 1283 719 1339 meacm,
743 1263 895 1345 quoniam
917 1285 1017 1327 szcaue
1037 1273 1091 1328 est.
1136 1266 1268 1328 uidetur
1291 1285 1370 1347 ergo
1393 1267 1437 1330 ad
1460 1266 1516 1330 ali·

310 1384 409 1445 quem
427 1365 566 1428 scribere
582 1363 703 1428 affectu
719 1374 753 1428 et
773 1365 839 1428 fide
860 1364 924 1429 illis
947 1367 1168 1442 coniunctum,
1190 1386 1289 1448 quem
1312 1375 1347 1429 et
1369 1368 1517 1432 hortatur

258 1485 297 1534 10
311 1476 347 1530 ut
370 1466 412 1530 ad
436 1469 647 1531 concordiam
670 1488 726 1531 eas
749 1488 810 1531 suo
832 1470 969 1533 reducat
989 1471 1101 1532 studio
1118 1468 1173 1552 (de
1189 1491 1256 1553 qua
1271 1491 1353 1553 paee
1368 1471 1517 1554 disputat

310 1567 393 1644 illis),
418 1577 453 1632 et
477 1570 615 1633 consilia
642 1570 703 1633 illis
726 1570 851 1634 tribuat
877 1571 965 1635 bona
989 1582 1022 1636 et
1049 1573 1162 1636 omnia
1186 1585 1265 1655 agat
1287 1595 1418 1638 summa
1441 1595 1515 1637 cum

309 1672 490 1755 diligentia,
508 1674 554 1736 ita
573 1683 610 1737 ut
630 1673 673 1737 ad
697 1675 951 1738 unanimitatem
975 1677 1047 1739 illas
1071 1676 1171 1741 saciat
1193 1699 1364 1744 recurrere.
1409 1689 1444 1744 et
1466 1700 1516 1743 os-

309 1776 451 1840 tendens
466 1777 624 1859 quoniam
641 1777 762 1860 dignae
778 1787 856 1871 sunt
872 1779 996 1843 multae
1012 1781 1222 1864 diligentiae:

373 1929 504 2011 quaein
518 1927 682 2012 euangelio
695 1928 800 1992 sinzul
811 1950 929 1992 anonam
945 1929 1192 1993 decertarterunt.

256 2127 292 2194 15
374 2105 411 2174 τὸ
439 2109 540 2182 rusios
558 2107 680 2195 [εἶπεν],
697 2108 713 2175 ὃ
733 2109 825 2196 ἄνδρα
842 2110 903 2194 μὲν
922 2109 1085 2196 ἁρμόττει,
1100 2113 1229 2195 γυναικὶ
1246 2111 1279 2178 δὲ
1299 2110 1410 2184 οὐκέτι.
1448 2109 1516 2178 δέον

309 2207 424 2280 αὐτοὺς
443 2209 570 2299 κάκεῖνο
594 2213 754 2294 ἐννοῆσαι,
776 2213 826 2280 ὅτι
846 2215 1009 2299 σύζυγον
1030 2213 1049 2296 ἡ
1075 2215 1147 2280 θεία
1168 2212 1279 2300 γραφὴ
1302 2214 1443 2298 οὐδαμοῦ
1460 2214 1515 2281 τὸν

308 2309 402 2399 ’γάμῳ
418 2314 618 2395 συνημμένον
631 2318 730 2399 λέγει,
747 2316 838 2382 ἀλλὰ
853 2316 911 2384 τὸν
926 2317 990 2384 ὑπὸ
1008 2317 1068 2400 τὴν
1083 2317 1187 2400 αὐτὴν
1201 2321 1323 2386 πίστιν.

360 2461 497 2511 ascribere
513 2465 654 2528 rogasseC
685 2481 729 2516 scr.
750 2474 860 2532 rogasset
876 2469 911 2517 H
938 2468 1048 2518 scribens
1064 2483 1192 2531 rogasser
1297 2467 1416 2533 5nuptis'
1431 2468 1495 2518 CH
1501 2483 1516 2514 r

309 2541 457 2607 paffectum
472 2543 536 2591 CH
563 2545 692 2595 affectusr
775 2563 801 2597 ιι
821 2548 915 2606 tribuit,
929 2550 980 2613 agit
995 2550 1100 2612 Clcorr)
1115 2547 1119 2614 Ι
1134 2565 1191 2598 cum
1203 2563 1223 2597 s.
1235 2549 1290 2597 dr
1373 2565 1402 2598 ra
1420 2548 1513 2598 illac·

310 2676 408 2740 Chrys,
424 2675 482 2726 who
500 2693 552 2728 was
569 2685 613 2727 not
632 2678 749 2729 however
765 2681 888 2744 prepared
938 2680 1032 2744 quoted
1050 2681 1113 2728 Acts
1130 2695 1171 2728 xv.
1191 2695 1229 2741 10,
1249 2697 1262 2729 a
1280 2681 1339 2730 Cor.
1357 2681 1390 2729 vi.
1406 2697 1443 2745 14,
1458 2681 1514 2732 Gal.

309 2765 336 2807 to
358 2759 423 2821 deny
445 2759 499 2808 that
521 2759 563 2809 the
584 2761 700 2824 σύνζυγος
723 2761 752 2811 oi
772 2762 814 2810 the
837 2769 888 2811 text
940 2776 963 2808 v.
984 2777 1005 2810 1.
1047 2762 1138 2826 Comp.
1158 2762 1245 2810 Thdt.:
1266 2761 1369 2823 σύζυγον
1386 2759 1429 2812 οὖν
1445 2759 1516 2811 αὑτὸν

310 2842 390 2906 might
411 2841 475 2891 have
500 2843 564 2893 been
586 2859 602 2892 a
625 2843 730 2893 female:
756 2845 818 2893 τινὲς
842 2844 889 2902 τήν
939 2844 1010 2890 καλεῖ
1023 2842 1053 2893 ὡς
1068 2839 1110 2891 τὸν
1128 2840 1200 2892 αὑτὸν
1218 2845 1320 2892 ἕλκοντα
1337 2845 1380 2904 τῆς
1396 2841 1515 2908 εὐσεβείας

309 2928 411 2988 1γυναῖκα
428 2923 502 2976 αὑτοῦ
524 2929 674 2988 παρακαλεῖν
690 2925 795 2976 ἐνταῦθα
813 2935 889 2988 φασιν
938 2924 1018 2984 ζυγόν.

312 3004 395 3058 ...ἀλλ’
409 3011 452 3057 οὐκ
467 3010 542 3068 ἔστιν,
556 3007 622 3059 ἀλλά
635 3007 833 3071 τυογυνοῖκαῆ
848 3010 888 3058 rol
972 3009 994 3057 8.
1030 3007 1147 3072 quoniam
1166 3025 1242 3058 συουο
1257 3008 1301 3070 est]
1326 3008 1411 3072 ὁγὰρ
1433 3009 1516 3072 ζυγός

310 3087 385 3150 ἄνδρα
401 3089 455 3144 μιᾶς
473 3087 557 3138 ου’τῶν.
938 3107 984 3150 μου
1003 3091 1117 3151 χρηστός.
1147 3091 1261 3140 Sabatier
1280 3090 1324 3150 (iii.
1343 3107 1368 3155 p.
1386 3090 1428 3154 67)
1448 3093 1515 3156 gives

343 3187 366 3219 a.
399 3169 525 3220 affectiose
534 3177 557 3218 cl
568 3187 618 3220 nem
629 3169 765 3232 affectiosa]
785 3172 889 3234 γνήσιε
939 3171 1062 3220 instances
1074 3172 1136 3220 from
1149 3173 1192 3220 the
1201 3173 1275 3221 Latin
1286 3172 1378 3221 fathers
1387 3173 1416 3222 oi
1424 3189 1439 3222 a
1450 3173 1515 3222 sirni-

310 3253 376 3300 εἴπεν
387 3249 441 3302 ἀλλ’
453 3249 479 3301 οὑ
489 3255 587 3313 γνησία.
608 3253 647 3302 Cl.
663 3254 765 3303 Ellicotl
777 3254 845 3304 adh.
858 3254 887 3302 l.:
939 3251 1001 3315 larly
1013 3252 1192 3316 compendious
1202 3253 1276 3302 mode
1288 3253 1317 3301 oi
1329 3252 1435 3316 quoting
1448 3254 1515 3303 these

313 3333 380 3381 “the
391 3331 505 3383 doubtful
517 3333 611 3395 gender
624 3331 653 3380 of
665 3334 731 3396 σύνζ.
744 3333 813 3394 (Eur.
829 3334 887 3384 Alc.
939 3349 1029 3383 verses.
1066 3337 1136 3395 Quae
1147 3335 1191 3383 sub
1206 3335 1253 3398 lege
1267 3334 1326 3398 (just
1344 3334 1435 3395 above)
1452 3341 1515 3382 must

311 3428 366 3477 314,
387 3411 444 3477 34²)
461 3415 544 3464 would
563 3415 682 3478 certainly
699 3431 772 3465 cause
791 3417 890 3477 γνήσιος
939 3416 1019 3466 either
1039 3417 1071 3466 be
1093 3433 1109 3466 a
1130 3419 1267 3467 correction
1290 3418 1328 3467 sor
1354 3417 1444 3481 “quae
1471 3417 1514 3465 sub

310 3499 337 3540 to
352 3499 432 3540 revert
450 3499 475 3540 to
489 3491 557 3540 three
574 3491 782 3553 terminations;''
799 3494 848 3542 and
860 3511 888 3544 so
938 3496 1107 3562 euangelio;”
1118 3514 1146 3547 or
1158 3499 1191 3561 by
1204 3501 1249 3556 τὴν
1266 3497 1313 3547 ὑπὸ
1330 3497 1400 3556 νόμον
1418 3498 1466 3547 Th.
1481 3497 1515 3546 in·

312 3573 399 3636 Meyer
416 3574 465 3621 and
486 3572 622 3636 Lightloot.
663 3575 757 3638 Thpht.
781 3576 826 3624 has
846 3576 889 3625 the
939 3581 1031 3629 tended
1046 3581 1228 3630 ‘underarule
1243 3579 1272 3630 oi
1284 3579 1346 3639 lise,'
1365 3581 1459 3630 ‘under
1475 3579 1515 3629 the

311 3669 379 3704 same
393 3653 508 3703 remark:
532 3655 570 3703 two
586 3656 635 3717 γὰρ
652 3655 733 3704 τᾶλλα
750 3656 824 3715 ἐάσω,
842 3659 889 3706 ἔδει
939 3659 988 3709 law
999 3659 1028 3708 oi
1037 3659 1137 3709 Christ!

311 3735 420 3798 γνησία
435 3737 543 3796 σύζυγε
554 3736 636 3786 εἰπεῖν.
975 3758 1012 3792 ιο.
1036 3743 1072 3790 ita
1083 3750 1112 3790 ut
1121 3742 1157 3790 ad
1165 3741 1363 3802 νααυίνηίέοίενν,
1378 3740 1437 3802 duo]
1462 3741 1515 3790 The

347 3819 527 3883 ‘coniugalem’
539 3818 563 3867 d.
574 3835 620 3868 scr.
633 3819 704 3869 mula
719 3820 747 3869 in
762 3821 817 3882 loco,
832 3820 889 3883 do]
939 3825 1072 3874 assistance
1089 3826 1149 3888 they
1161 3823 1275 3888 required
1293 3825 1326 3884 (v.
1342 3837 1364 3885 3,
1379 3825 1515 3884 συνλαμβά-

313 3901 432 3964 Zosimus
443 3902 463 3950 is
474 3899 565 3960 αᾶπαξ
573 3903 638 3963 hey„
650 3917 677 3950 as
688 3901 759 3950 saras
770 3902 888 3952 theN.T.
940 3922 981 3954 νου
993 3901 1086 3965 αὐτοῖς)
1102 3921 1153 3954 was
1169 3905 1195 3953 in
1211 3903 1327 3966 effecting
1343 3920 1358 3952 a
1374 3902 1516 3954 reconcilia·

312 3984 362 4034 and
385 3983 427 4033 the
449 3982 534 4031 LXX.
558 3997 600 4031 are
620 3983 766 4032 concemed.
811 3983 890 4032 what
940 3985 993 4034 tion
1003 4003 1011 4045 ;
1027 3984 1059 4033 cf.
1071 3984 1158 4032 Thdt.:
1171 3985 1309 4044 παρακαλεῖ
1318 3984 1383 4032 ὥστε
1393 3985 1441 4031 τῶν
1451 3983 1515 4046 ‹ipto-

312 4064 361 4113 Th.
376 4069 441 4112 must
453 4077 526 4112 mean
538 4070 564 4110 to
575 4077 618 4125 say
627 4061 648 4110 is
659 4061 712 4110 that
724 4061 751 4109 in
763 4062 890 4126 Scripture
939 4083 988 4114 των
998 4067 1116 4127 γυναικῶν
1127 4066 1266 4126 συνεργὸν
1276 4066 1400 4125 γενέσθαι,
1413 4067 1452 4114 καὶ
1467 4061 1517 4124 τὴν

313 4145 382 4204 ζυγός
393 4144 443 4193 and
455 4142 487 4192 its
498 4143 645 4192 derivatives
657 4143 729 4192 when
741 4144 801 4192 used
813 4151 889 4193 meta·
942 4147 1112 4207 συμφωνίαν
1127 4143 1306 4207 βραβεῦσαι.

312 4225 451 4291 phorically
461 4226 560 4284 denote,
574 4233 619 4273 not
630 4224 672 4274 the
681 4225 802 4288 marriage
810 4226 887 4284 bond,
976 4242 1013 4288 ¹3·
1037 4226 1317 4291 dignae...dilrgcnhize]
1350 4227 1402 4276 For
1419 4243 1473 4277 erce.
1493 4225 1519 4275 oi

312 4308 358 4356 but
369 4308 412 4356 the
423 4307 490 4356 bond
503 4307 554 4356 oia
566 4322 681 4356 common
693 4308 745 4357 rule
760 4309 790 4356 oi
803 4307 845 4357 lise
862 4325 891 4357 or
940 4310 1032 4373 diguus
1042 4325 1064 4358 c.
1078 4325 1134 4373 gen.
1148 4310 1179 4358 ci.
1195 4309 1305 4368 Ro'nsch‚
1316 4309 1391 4368 Itala,
1406 4325 1431 4374 p.
1443 4323 1497 4370 413.

314 4387 384 4437 luith.
424 4386 456 4435 In
474 4395 578 4451 support
597 4385 626 4436 oi
641 4386 689 4436 this
707 4394 839 4438 statement
858 4389 891 4438 he
976 4405 1013 4453 ¹4·
1040 4391 1119 4439 simul
1134 4407 1227 4440 macrim
1245 4391 1442 4453 decertauerunt]
1465 4409 1516 4440 συν-

315 4469 403 4535 might,
421 4470 520 4521 besides
537 4471 564 4521 S.
580 4471 653 4520 Mart.
666 4470 699 4520 xi.
713 4485 751 4536 29,
771 4485 810 4536 30,
827 4471 892 4522 haue
941 4472 1050 4534 ήθλησάν
1064 4491 1112 4532 μοι.
1143 4473 1175 4524 Ο.
1191 4474 1221 4524 L.
1235 4474 1379 4538 anqulg.‚
1395 4479 1515 4525 “mecum
