3332 5210
39 428 57 490 7,
168 385 230 449 IV.
251 387 299 466 18,
321 383 381 469 19.]
572 396 614 446 m
639 397 692 448 nr.
714 396 766 447 nn
789 393 964 446 onunrns
1332 380 1376 460 69

234 555 365 619 ‘uolunt
381 553 469 618 enlm
485 574 547 618 uos
566 550 752 637 propellere
767 551 811 616 ab
826 550 883 616 illo
899 547 1070 614 intellectu
1085 545 1241 631 perfecto,
1258 546 1291 610 in
1307 565 1375 630 quo

166 673 257 718 nunc
273 655 371 734 estis;
394 655 441 720 ita
460 665 497 719 ut
515 654 577 718 sub
596 653 678 737 legis
697 654 868 718 constituti
884 649 1145 726 conuersatione,
1160 648 1375 713 inueniamini

167 757 259 840 apud
283 757 358 823 illos
381 760 532 824 ordinem
556 757 695 841 implere
720 755 967 843 discipulorum,
988 755 1083 840 quasi
1105 754 1163 840 qui
1189 762 1224 821 et
1249 752 1375 837 aliquid

1 859 3 870 '
48 881 52 902 ¹
161 861 289 926 ⁴melius
306 862 369 926 illis
385 860 582 926 facientibus
598 860 719 926 imitari
735 880 792 925 eos
808 857 935 925 uelitis?

236 1018 351 1084 bouum
365 1032 473 1086 autem
488 1018 653 1084 aeuuulari
666 1018 700 1083 iu
715 1017 791 1083 bono
804 1031 932 1104 semper.
1412 1037 1429 1104 5

238 1158 375 1223 ‘melius
390 1170 441 1224 est
456 1181 536 1244 ergo
551 1159 632 1226 talia
652 1159 712 1224 uos
733 1158 850 1238 facere,
866 1158 914 1222 ita
936 1165 972 1222 ut
993 1157 1037 1222 ab
1057 1156 1212 1222 omnibus
1231 1154 1378 1222 aemule-

75 1272 79 1291 '
170 1262 252 1326 mini
264 1283 272 1341 ;
297 1271 334 1328 ut
358 1271 393 1328 et
419 1262 475 1328 alii
500 1285 569 1342 uos,
585 1264 671 1328 sicut
695 1262 860 1338 conuenit,
875 1259 1092 1338 aemulentur,
1113 1267 1149 1326 et
1172 1259 1294 1325 imitari
1317 1279 1378 1324 uos

170 1363 349 1448 festinent;
391 1365 513 1429 residui
550 1387 630 1430 uero
666 1364 855 1454 inuidentes
892 1363 998 1441 uobis,
1032 1361 1114 1426 nihil
1151 1383 1212 1430 uos
1249 1361 1379 1446 possint

169 1464 309 1532 nocere!
355 1475 389 1531 et
405 1467 499 1550 quasi
516 1467 574 1550 qui
588 1465 670 1532 talia
685 1466 840 1551 primitus
855 1463 1012 1546 facerent,
1028 1463 1151 1529 adicit:

239 1636 271 1690 et
283 1648 347 1692 nou
361 1628 466 1692 solum
482 1629 517 1693 in
531 1629 673 1693 aduentu
689 1649 755 1694 uteo
769 1628 819 1692 ad
829 1649 893 1693 uos.
1395 1649 1436 1698 ιο

239 1774 471 1856 potentissime
497 1794 555 1838 eos
582 1774 616 1838 in
641 1773 732 1839 hisce
757 1774 867 1839 uerbis
889 1773 1026 1848 curauit,
1053 1775 1101 1840 ita
1130 1781 1169 1840 ut
1197 1783 1232 1840 et
1262 1774 1380 1842 aduer-

169 1879 334 1946 sariorum
356 1898 401 1943 ex
422 1879 672 1962 comparatione
694 1887 847 1963 argueret
870 1877 1082 1944 sententiam.
1117 1898 1162 1944 ex
1177 1898 1381 1943 commemo-

170 1983 302 2047 ratione
328 2002 408 2046 uero
434 1983 686 2067 praeteritorum
710 1983 822 2048 subito
846 1982 959 2048 animo
984 2003 1150 2060 accensus,
1181 1991 1215 2047 et
1245 1992 1382 2067 propter

171 2083 238 2147 hoc
260 2104 281 2149 a
303 2084 581 2167 praecedentibus
603 2085 791 2151 abstractus
813 2085 1030 2165 sermonibus,
1046 2087 1091 2152 ad
1113 2086 1216 2151 uerba
1238 2084 1383 2156 flectitur

171 2183 282 2262 fletus,
296 2185 428 2251 dicens:
1398 2189 1434 2256 15

181 2445 189 2460 Ι
231 2345 337 2512 figuli
355 2345 421 2412 mei
437 2309 516 2432 quos
538 2347 657 2414 iterum
670 2349 827 2432 parturio
849 2348 1026 2433 usquedum
1040 2347 1211 2432 serenetur
1233 2345 1383 2418 cln'sucs

172 2468 210 2512 m
226 2468 267 2511 uo
288 2470 325 2514 ts.
377 2463 380 2471 ¹

240 2579 444 2645 demirabilis
462 2581 654 2648 :admodum
681 2605 801 2665 senno,
825 2593 858 2650 et
885 2585 1025 2652 multam
1047 2585 1176 2651 habens
1197 2583 1383 2652 affectionis

171 2687 408 2749 ostensionem.
452 2687 605 2769 primum,
614 2689 751 2771 quidem
771 2690 867 2773 quasi
887 2691 920 2758 in
937 2689 1017 2762 fletu
1033 2691 1145 2755 subito
1160 2688 1383 2756 exclamantis

172 2790 285 2854 locum
302 2789 427 2872 implet,
445 2791 558 2855 dicens
569 2815 577 2856 ε
590 2791 697 2876 filioli
711 2793 781 2870 mei,
797 2801 832 2857 et
848 2802 886 2859 ut
904 2793 978 2876 quis
994 2793 1040 2858 ita
1055 2795 1154 2870 dicat,
1170 2813 1246 2857 cum
1262 2792 1384 2857 dulcis-
1397 2808 1441 2857 20

170 2894 277 2968 simus
291 2903 388 2977 pater
407 2894 493 2960 filios
517 2895 657 2960 amissos
674 2895 754 2966 fietu
770 2905 895 2970 euocet
940 2895 1072 2975 deinde,
1092 2896 1182 2979 quod
1206 2917 1273 2960 non
1296 2895 1385 2961 dixit

161 2995 248 3082 filii,
279 2997 338 3060 sed
367 2997 499 3081 filioli,·
535 2997 626 3082 quod
657 2998 817 3072 maiorem
855 2998 1019 3082 egerentis
1048 2997 1224 3064 ostendere
1252 3005 1386 3082 poterat

173 3101 341 3167 dolorem.
386 3111 420 3165 et
443 3102 534 3184 quod
559 3103 701 3174 adiecit:
716 3102 897 3185 partuum
922 3103 1001 3185 quia
1027 3101 1169 3182 multum
1192 3121 1295 3186 graue
1321 3101 1385 3166 illis

172 3207 233 3289 qui
254 3205 286 3269 in
308 3217 406 3289 partu
425 3216 503 3271 sunt
523 3226 596 3270 esse
615 3206 753 3270 uidetur.
797 3203 862 3287 †et
882 3204 972 3298 quod
991 3206 1099 3271 dixit:
1122 3205 1239 3270 iterum
1248 3228 1264 3282 ,·
1285 3206 1333 3270 ita
1348 3214 1387 3270 ut
1490 3207 1495 3218 ‘

174 3316 212 3373 et
237 3310 394 3392 antiquos
421 3309 553 3375 dolores
579 3318 694 3394 partus
721 3309 902 3384 adduceret
928 3309 962 3374 in
993 3309 1197 3376 memoriam.
1243 3329 1322 3375 narn
1352 3318 1387 3378 et
1400 3326 1418 3373 2
1423 3323 1440 3390 5

236 3525 246 3559 r
265 3510 415 3576 praecellere
427 3511 436 3572 (
436 3511 487 3576 sor
504 3509 653 3576 propellere)
672 3510 707 3560 H
805 3507 931 3573 4uellitis
953 3507 992 3558 C*
1091 3521 1105 3572 5
1123 3508 1191 3558 bono
1209 3505 1266 3573 (sor
1281 3507 1388 3568 bonum)

174 3592 223 3658 ΙΙΙ
238 3593 363 3643 aemulare
384 3594 405 3643 C
522 3593 626 3644 Suobis
638 3592 762 3660 (seruus)
775 3590 821 3655 ΗΙ
837 3597 938 3656 possent
952 3589 991 3640 θ’
1121 3603 1150 3654 13
1167 3590 1390 3655 praeteritarumC

180 3691 210 3742 ¹9
226 3675 393 3726 osfensionem
405 3676 458 3738 (sic)
473 3674 512 3726 C*
545 3676 709 3726 offensionem
721 3675 780 3738 (sor
790 3675 892 3735 ostens.)
904 3673 939 3724 H
1031 3686 1062 3737 ²5
1079 3679 1105 3723 et
1116 3671 1166 3738 (ast
1175 3674 1244 3734 nem)
1255 3687 1294 3722 om
1305 3673 1340 3722 H

211 3859 235 3909 6.
254 3864 284 3907 ut
293 3858 323 3906 ab
334 3857 448 3907 omuibus
457 3855 534 3920 aem]
564 3855 701 3906 Amulari
711 3854 761 3910 isa
810 3861 850 3914 47,
865 3850 883 3901 l.
899 3865 937 3914 14.

177 3939 277 4005 passive
292 3939 352 3988 here
367 3937 418 3989 and
434 3941 460 3993 in
476 3956 500 3988 v.
516 3943 552 4000 18,
566 3939 687 4002 although
698 3938 760 3987 used
844 3949 883 3984 αι.
907 3949 958 3983 non
977 3931 1043 3982 dauri
1061 3927 1138 3996 ‘filii'
1155 3932 1198 3982 sed
1216 3931 1300 3998 ‘filioli
1305 3929 1323 3994 '1
1348 3933 1391 3983 οὐκ

178 4019 383 4083 asadeponent
399 4021 425 4068 in
442 4037 482 4070 vv.
506 4019 543 4076 16.
564 4031 601 4083 17,
618 4020 705 4078 andin
717 4019 760 4073 the
810 4017 878 4066 efres
894 4017 995 4076 τέκνα,
1015 4017 1081 4066 ἀλλὰ
1097 4014 1210 4065 τεκνία.
1249 4015 1391 4066 'lbesame

178 4115 240 4164 very
251 4109 310 4150 next
323 4100 405 4149 clause
420 4099 448 4149 of
462 4101 505 4150 the
516 4109 686 4166 commentary
697 4103 725 4163 (⁶⁴
734 4109 761 4152 ut
810 4097 915 4161 reading
926 4099 947 4147 is
959 4096 1035 4148 found
1046 4096 1073 4146 in
1084 4096 1127 4146 the
1138 4103 1190 4147 text
1201 4095 1231 4146 of
1242 4095 1328 4162 Chrys
1340 4098 1391 4147 and

178 4191 204 4232 et
220 4181 263 4231 alii
280 4197 325 4231 uos
380 4181 573 4243 aemulentur'').
607 4184 662 4233 The
674 4183 758 4249 Vulg,
812 4177 900 4239 Tudi,
916 4177 962 4229 but
978 4179 1012 4244 by
1028 4178 1090 4228 both
1107 4179 1126 4229 it
1143 4179 1164 4228 is
1181 4179 1271 4244 passed
1287 4179 1393 4230 without

179 4263 262 4314 which
278 4263 377 4312 follows
393 4262 436 4312 the
453 4263 556 4327 reading
571 4261 688 4327 ζηλοῦσθε
700 4265 725 4313 ἰιι
736 4281 761 4316 ν.
812 4259 919 4310 remark.
1323 4325 1325 4330 Ι

182 4347 221 4407 18,
246 4345 292 4394 bas
313 4345 485 4405 aemulamini,
510 4341 639 4393 doubrless
666 4344 692 4393 in
720 4345 763 4396 the
847 4356 886 4390 aa.
920 4341 1043 4405 egerentb]
1070 4357 1105 4393 sc.
1125 4341 1208 4393 fletum
1225 4360 1245 4392 s.
1262 4343 1394 4396 lacrimas:

181 4427 278 4478 middle
293 4443 371 4476 sense.
813 4440 854 4476 see
872 4425 915 4477 the
932 4444 986 4478 exx.
999 4427 1074 4494 given
1085 4427 1119 4490 by
1130 4426 1172 4477 the
1184 4425 1391 4494 lexicographers.

216 4505 253 4558 16.
288 4505 434 4572 mquedum]
453 4505 522 4568 ἄχρις
534 4501 578 4554 ori:
596 4521 624 4555 so
636 4506 724 4566 abore,
735 4521 760 4572 p.
