3332 5210
290 391 330 458 5²
622 385 849 440 rusoooxus
873 385 1165 440 mopsuestenus
1348 375 1427 458 [111.
1445 389 1493 454 23·

288 558 472 628 secundum
504 557 674 626 Christum
700 569 779 624 sunt
802 559 846 624 de
872 559 936 624 illis
961 581 1049 643 quae
1075 560 1185 625 sutura
1211 570 1289 625 sunt
1314 562 1393 628 lacit
1419 583 1494 644 pro-

288 665 475 743 bationem;
502 683 543 727 eo
565 663 656 744 quod
678 670 712 725 et
731 662 885 726 uniuersa
908 662 966 726 illa
994 684 1080 745 quae
1105 664 1150 727 ab
1180 685 1221 728 eo
1251 664 1377 728 directa
1405 671 1492 738 sunt,

287 776 368 832 tunc
384 767 480 831 nobis
495 765 592 829 rebus
608 765 688 849 ipsis
704 775 801 830 erunt
818 766 1024 831 manifesta*
1062 767 1294 851 complectitur
1313 790 1392 832 uero
1416 789 1492 832 cum

288 865 352 933 illis
375 868 452 933 fidei
471 868 569 933 simul
590 878 623 933 et
646 868 874 951 promissionis
894 866 1103 944 uocabulum,
1120 889 1180 932 nec
1202 889 1268 932 non
1286 880 1320 933 et
1340 870 1491 952 gratiam,

254 972 334 1054 ssic
356 969 414 1036 illa
439 972 623 1035 nominans.
662 971 754 1034 etin
782 969 834 1033 his
861 971 1016 1034 omnibus
1046 972 1220 1036 examinat
1252 973 1317 1037 illa.
1362 970 1492 1055 'ruocat

287 1082 400 1139 autem
431 1075 495 1138 ista
525 1073 653 1137 ‘fidem’
681 1073 818 1156 quidem
850 1094 891 1136 eo
921 1075 1012 1157 quod
1041 1076 1185 1139 necdum
1216 1075 1315 1140 rebus
1350 1075 1430 1160 ipsis
1457 1079 1490 1141 in

286 1176 351 1240 illis
372 1196 495 1252 sumuS,
515 1176 574 1239 sed
595 1177 727 1239 interim
748 1177 914 1241 credimus
934 1177 978 1240 de
997 1175 1077 1253 illis;
1108 1178 1387 1261 ‘promissionem'
1404 1200 1491 1255 uem,

286 1297 328 1342 eo
364 1276 457 1360 quod
498 1278 564 1341 iam
599 1278 643 1341 de
674 1276 739 1340 illis
774 1279 1028 1360 promissionem
1060 1279 1209 1344 adsecuti
1240 1279 1419 1359 fuerimus5
1457 1291 1490 1346 et

229 1463 231 1466 Ι
287 1379 454 1464 ‘gratiam'
490 1382 560 1444 iure
594 1379 653 1444 illa
679 1383 840 1459 nominat,
873 1404 913 1446 eo
946 1384 1038 1465 quod
1064 1383 1191 1447 donum
1218 1385 1390 1467 quoddam
1423 1387 1491 1448 eui-

235 1503 274 1552 10
286 1482 369 1545 dens
395 1491 446 1546 est
472 1481 537 1546 Dei
561 1482 652 1564 quod
677 1485 772 1547 nobis
800 1485 962 1560 tribuitur,
987 1486 1117 1548 nonde
1139 1495 1253 1550 nostro
1278 1489 1405 1564 merit0,
1430 1490 1489 1553 sed

171 1599 178 1610 '
285 1581 329 1648 de
352 1583 439 1648 illius
464 1583 663 1648 liberalitate
681 1584 808 1649 habens
826 1587 1032 1670 principium.
1078 1589 1215 1653 discutit
1232 1609 1311 1653 uero
1328 1611 1403 1656 cum
1425 1591 1490 1657 illis

284 1686 439 1758 omnibus
460 1687 548 1752 iusta
567 1689 696 1752 ratione
719 1688 828 1771 legem
845 1688 1048 1754 conserens*
1095 1690 1167 1754 siue
1182 1691 1271 1755 enim
1288 1692 1398 1758 lutura
1416 1695 1489 1777 quis

284 1794 477 1858 examinare
496 1792 646 1868 uoluerit,
661 1792 797 1875 quando
820 1794 892 1875 ipsa
912 1813 1020 1856 rerum
1044 1792 1082 1857 fit
1103 1793 1354 1874 demonstratio,
1377 1817 1490 1879 super-

284 1895 352 1962 flua
381 1905 433 1961 est
463 1896 535 1975 lex;
572 1918 613 1960 eo
643 1897 734 1978 quod
765 1896 893 1960 nullum
924 1905 1005 1960 tunc
1041 1897 1230 1981 indigemus
1265 1910 1489 1984 praeceptum,

232 2019 266 2087 ις
284 1998 420 2082 quando
447 2020 506 2082 per
533 2000 682 2063 diuinam
706 2001 849 2082 gratiam
874 2010 1018 2083 excepto
1041 2003 1132 2065 omni
1153 2024 1325 2066 seruamur
1341 2014 1489 2087 peccato.

283 2103 355 2166 siue
375 2102 449 2185 quis
470 2102 572 2166 fidem
587 2101 786 2166 examinans
806 2113 864 2168 aut
883 2104 1138 2187 promissionem
1154 2117 1213 2171 aut
1228 2105 1379 2190 gratiam,
1400 2130 1489 2171 com·

283 2225 400 2290 parare
420 2205 486 2269 illis
510 2204 652 2269 uoluerit
679 2203 797 2288 legem,
825 2205 994 2291 superflua
1018 2208 1076 2272 lex
1101 2209 1295 2286 inuenietur,
1321 2211 1393 2274 istis
1419 2213 1485 2274 uim

282 2330 379 2374 suam
404 2308 667 2386 uindicantibus;
696 2329 736 2372 eo
759 2310 859 2391 quod,
878 2309 953 2393 lege
974 2319 1122 2383 extante,
1145 2310 1225 2374 nihil
1249 2312 1388 2394 adsequi
1408 2312 1486 2375 boni

283 2413 442 2498 possibile
462 2421 522 2490 est,
541 2415 569 2476 si
592 2433 660 2477 non
680 2412 834 2496 primitus
854 2414 958 2477 uitam
979 2433 1075 2477 suam
1099 2414 1173 2495 quis
1192 2414 1350 2478 direxerit
1371 2435 1486 2479 secun-

227 2541 270 2590 20
282 2517 364 2580 dum
395 2516 477 2601 legis
507 2514 685 2579 decretum.
732 2524 766 2578 et
795 2515 963 2598 superflua
992 2517 1054 2580 erit
1084 2515 1177 2596 fides
1204 2516 1231 2578 si
1261 2515 1344 2580 haec
1375 2517 1422 2580 ita
1451 2538 1487 2579 se

281 2620 416 2684 habent.
460 2618 628 2702 superflua
653 2627 766 2682 autem
791 2619 853 2682 erit
877 2629 911 2682 et
932 2619 1127 2701 promissio;
1152 2639 1193 2683 eo
1213 2618 1304 2701 quod
1325 2619 1406 2682 nihil
1430 2641 1486 2683 eos

282 2722 440 2787 adiuuare
465 2723 596 2806 poterit,
621 2721 649 2784 si
674 2741 741 2784 non
768 2720 920 2804 legitima
947 2722 1172 2786 custodierint.
1216 2731 1250 2786 et
1274 2724 1382 2805 gratia
1406 2738 1487 2807 quo-

281 2847 347 2911 que
381 2825 510 2891 nullum
541 2825 679 2889 habebit
709 2824 830 2902 locum,
861 2825 889 2887 si
919 2824 1070 2906 legitima
1100 2827 1309 2890 conuersatio
1340 2847 1361 2890 a
1391 2827 1486 2891 nobis

280 2930 472 3014 scrupulose
501 2939 552 2994 est
582 2929 797 3011 exquirenda.
848 2929 875 2990 si
905 2938 1019 2991 autem
1058 2938 1092 2990 et
1128 2930 1302 2992 credentes
1332 2929 1485 2994 iustifica-

224 3056 263 3122 25
281 3055 363 3110 mur,
394 3045 428 3102 et
458 3034 641 3118 promissae
672 3032 715 3096 ad
747 3051 807 3094 nos
838 3030 1075 3114 promissiones
1105 3030 1293 3096 confessam
1324 3032 1485 3098 bonorum

280 3139 447 3222 accipiunt
470 3135 804 3212 consummationem,
829 3144 927 3201 uacat
953 3134 1063 3198 omnis
1088 3134 1172 3218 legis
1197 3136 1392 3220 dirigendae
1421 3141 1486 3204 sol-

277 3330 465 3416 μελλόντων
491 3329 535 3400 οἷς
558 3327 640 3401 εἰκὸς
665 3329 723 3412 τὴν
748 3328 922 3412 ἀπόδειξιν,
946 3329 1056 3411 ἐπειδὴ
1078 3332 1175 3394 πᾶσα
1198 3333 1261 3395 τῶν
1282 3328 1362 3417 παρ’
1383 3328 1485 3398 αὐτοῦ

277 3432 537 3521 κατορθωμάτων
551 3432 660 3516 ἦμῖνῆ
677 3434 858 3520 φανέρωσις
880 3432 934 3497 ἐπὶ
954 3434 1019 3498 τῶν
1039 3431 1242 3517 πραγμάτων
1261 3433 1385 3515 ’γίνεται
1405 3433 1483 3501 τότε.

342 3542 438 3606 καλεῖ
454 3536 489 3604 δὲ
503 3537 637 3604 πίστιν
654 3535 722 3621 μέν,
739 3535 847 3617 ἐπειδὴ
862 3534 995 3619 μηδέπω
1006 3532 1171 3621 γεγονότες
1187 3535 1241 3602 ἐπὶ
1256 3539 1319 3603 τῶν
1334 3537 1484 3623 πρινγμά-

222 3673 266 3738 30
277 3667 353 3722 των,
373 3639 569 3724 πιστεύομεν
583 3639 659 3710 τέως
674 3639 749 3727 περὶ
764 3639 880 3720 αὐτῶν,
907 3638 1142 3722 ἐπαγγελίαν
1163 3638 1203 3718 δέ,
1226 3639 1267 3711 ὥς
1283 3637 1323 3706 ἂν
1338 3638 1395 3720 τὴν
1410 3641 1485 3727 περὶ

277 3744 384 3812 αὐτῶν
405 3740 588 3830 ὑπόσχεσιν
613 3741 674 3823 ἥδη
697 3742 936 3826 κεκομισμένων
958 3742 1057 3827 ἡμῶν,
1082 3742 1137 3808 καὶ
1160 3743 1274 3831 χάριν
1297 3740 1332 3807 δὲ
1355 3742 1485 3814 εἰκότως

276 3847 361 3917 αὐτὰ
374 3845 519 3929 ὀνομάζει
533 3844 690 3930 μάλιστα,
707 3845 819 3929 ἐπειδὴ
832 3844 935 3932 δωρεὰ
950 3844 1059 3931 σαφής
1071 3873 1120 3917 τις
1134 3849 1192 3912 τοῦ
1204 3845 1278 3912 θεοῦ
1289 3847 1379 3912 ἐστιν
1389 3846 1430 3912 τὰ
1440 3847 1485 3912 δι-

277 3953 400 4037 δόμενα,
415 3948 472 4018 οὐκ
486 3949 552 4017 ἀπὸ
571 3952 630 4031 τῆς
644 3947 801 4034 ἡμετέρας
816 3948 915 4034 ἅξιός,
931 3947 1007 4016 ἀλλ’
1025 3949 1091 4015 ἀπὸ
1106 3953 1163 4032 τῆς
1183 3949 1282 4016 αὐτοῦ
1298 3951 1484 4035 φιλοτιμίας

276 4058 394 4147 ἔχοντα
408 4053 467 4138 τὴν
481 4051 597 4142 ἀρχήν·
614 4051 894 4140 ἅντιπαρεξετάζει
908 4053 942 4120 δὲ
957 4053 1015 4121 τὸν
1029 4053 1125 4138 νόμον
1139 4058 1244 4121 πᾶσιν
1259 4054 1396 4126 εἰκότως.

326 4211 337 4246 ι
356 4193 400 4259 qui
411 4194 419 4254 (
421 4193 470 4258 sor
479 4191 600 4257 quaelH
709 4205 723 4255 5
740 4191 810 4240 illam
823 4190 942 4255 (serilla)
956 4189 989 4250 1⁰,
1004 4189 1195 4252 C(cm)a⁰‚C
1299 4189 1404 4240 distem
1425 4191 1485 4242 CH

275 4275 299 4338 6,
318 4289 331 4340 7
350 4275 550 4327 necdum-uero
567 4290 607 4324 οινι
626 4274 683 4338 (per
699 4273 843 4334 honeoeotel.)
861 4273 909 4321 H'
1031 4288 1047 4338 9
1064 4273 1132 4322 illam
1147 4274 1169 4322 C
1199 4272 1237 4322 illi
1253 4272 1288 4321 H
1296 4270 1300 4336 Ι
1315 4273 1408 4322 bonum
1429 4273 1487 4337 (sor

274 4357 425 4419 donum)H
521 4371 549 4419 15
567 4356 738 4406 semamusH
831 4371 862 4420 ¹3
879 4355 991 4420 legitime
1005 4355 1071 4405 CH
1164 4353 1195 4405 τό
1213 4369 1299 4404 omnes
1311 4353 1378 4418 leges
1392 4352 1431 4403 C*

276 4493 315 4546 σε.
338 4480 481 4544 confessam]
493 4480 699 4542 ὡμολογημένηνς
710 4479 742 4528 cl.
752 4477 918 4540 Hildebranrl,
933 4477 1009 4541 Apul.
1025 4476 1049 4526 ii.
1065 4493 1089 4540 p.
1104 4477 1159 4538 587,
1172 4475 1222 4524 and
1234 4474 1314 4537 infra,
1326 4489 1351 4538 p.
1363 4472 1428 4535 ,eat
1443 4471 1480 4523 26.
