3332 5210
258 391 302 459 74
591 392 819 445 rnnoooaus
843 390 1135 444 nopsunsrnnos
1325 364 1397 460 [IV.
1416 391 1464 456 24.

259 560 385 627 euoluit
408 583 459 628 res
481 563 609 629 dudum
633 564 757 643 lactas3
784 563 843 628 sed
871 564 919 628 sic
946 563 1058 647 posuit
1085 561 1141 626 illa
1166 570 1203 626 ut
1229 567 1310 624 tunc
1335 559 1466 623 fuerant

259 666 356 744 sacta,
372 677 406 731 et
421 667 593 732 historiam
610 668 741 733 illorum
758 689 845 752 quae
861 668 992 732 luerunt
1016 667 1104 730 iacta
1126 666 1170 730 ad
1193 685 1290 729 suum
1314 684 1392 727 usus
1415 672 1466 727 est

260 770 475 848 intellectum,
496 772 632 854 quando
655 772 791 855 quidem
815 772 948 836 dicens:
970 770 1105 855 confinis
1125 779 1174 834 est
1192 768 1261 832 eins
1281 789 1364 850 qnae
1384 789 1469 831 nnnc

259 881 308 934 est
329 871 562 948 Hierusalem
584 873 720 955 quando
745 895 824 937 uero
850 873 1007 956 quoniam
1029 874 1115 937 sicut
1135 882 1210 935 tnnc
1232 870 1262 934 is
1282 869 1342 953 qni
1359 890 1467 933 scenn-

229 971 339 1061 5a'nm
372 995 500 1038 carnem
534 984 632 1039 natus
669 985 748 1052 erat,
780 975 1031 1058 persequebatur
1068 974 1162 1038 illum
1200 973 1260 1056 qni
1294 971 1466 1034 secundnm

263 1076 436 1158 Spiritum.
480 1079 529 1141 sic
558 1098 618 1161 pro
648 1078 804 1143 omnibus
835 1078 977 1160 negotiis
1007 1077 1179 1142 historiam
1210 1076 1383 1141 confessus
1406 1083 1465 1138 est.

261 1201 323 1244 nec
345 1182 432 1244 enim
456 1181 600 1246 confinia
622 1203 694 1245 esse
717 1182 858 1245 dixisset
881 1181 938 1245 illa
960 1202 1046 1264 quae
1069 1183 1252 1245 secundum
1276 1181 1373 1263 Agar
1399 1179 1467 1241 iue-

261 1299 339 1354 runt
368 1289 460 1353 illius
480 1313 562 1374 qnae
585 1311 668 1355 nnnc
691 1301 739 1354 est
760 1290 980 1368 Hierusalem,
995 1311 1097 1374 quam
1121 1312 1208 1355 nunc
1232 1311 1305 1354 esse
1331 1288 1467 1354 confite-

261 1391 366 1456 batur.
412 1403 519 1475 neque
534 1392 618 1456 sient
637 1392 813 1476 posuisset,
830 1414 930 1476 quem
947 1414 1014 1457 non
1030 1415 1102 1458 esse
1118 1393 1342 1458 existimabat
1389 1409 1466 1453 nam

210 1515 250 1564 10
262 1497 352 1578 quod
368 1497 464 1574 dixit,
474 1497 565 1572 sicut,
575 1495 827 1561 similitudinem
843 1499 957 1580 utique
973 1499 1139 1577 ostendit,
1155 1497 1338 1562 similitudo
1354 1506 1467 1560 autem
1487 1545 1495 1556 .

262 1599 331 1663 fieri
355 1621 422 1664 non
442 1601 573 1683 poterit,
590 1600 687 1664 rebus
714 1620 781 1664 non
807 1602 980 1665 stantibus.
1025 1600 1143 1666 addito
1166 1613 1199 1666 et
1225 1601 1316 1684 quod
1336 1603 1468 1666 dixerat

261 1714 346 1784 tnnc,
376 1704 555 1768 incertum·
572 1705 769 1768 existimans
803 1713 965 1786 quantum
998 1712 1133 1788 tempus
1164 1703 1343 1787 designans
1377 1703 1468 1769 dicit.

261 1807 429 1890 superflua
450 1817 562 1872 autem
587 1807 648 1872 erit
671 1815 705 1871 et
728 1817 918 1890 temporum
940 1809 1069 1885 diuisio,
1091 1810 1119 1872 si
1141 1817 1256 1872 tamen
1279 1828 1347 1871 non
1371 1807 1469 1872 suerit

261 1907 394 1974 factum.
440 1910 500 1974 sed
516 1911 687 1992 apostolus
709 1911 845 1994 quidem
862 1912 909 1975 ita
928 1911 1026 1988 dicit;
1049 1911 1102 1974 isti
1127 1931 1207 1974 uero
1229 1909 1341 1974 omnia
1358 1931 1376 1973 e
1392 1930 1469 1972 con-

210 2021 245 2087 15
261 2015 360 2077 trario
377 2012 510 2090 iaciunt,
526 2034 661 2077 omnem
683 2014 726 2078 de
746 2014 859 2078 diuina
881 2015 1044 2098 scriptura
1066 2014 1239 2078 historiam
1263 2016 1467 2078 somniorum

262 2123 497 2178 nocturnorum
525 2114 606 2178 nihil
633 2115 764 2179 differre
788 2116 960 2195 uolentes;
995 2136 1056 2180 nec
1083 2117 1171 2180 enim
1202 2116 1328 2192 Adam,
1354 2115 1469 2179 Adam

262 2237 334 2284 esse
360 2217 482 2293 dicunt,
510 2220 645 2300 quando
673 2221 822 2283 maxime
848 2241 906 2283 eos
929 2221 972 2284 de
996 2219 1110 2282 diuina
1137 2219 1298 2301 scriptura
1323 2218 1470 2301 ‘spirita-

261 2321 347 2384 liter'
363 2341 514 2385 enarrare
529 2321 912 2405 acciderit-spiritalem
928 2323 1030 2386 etiam
1053 2322 1358 2405 interpretationem
1375 2341 1469 2386 suam

263 2484 277 2535 η
295 2471 399 2522 confinis
413 2471 452 2522 C*
469 2473 504 2523 H
574 2489 590 2540 9
606 2489 682 2539 quam
696 2475 718 2525 C
727 2475 762 2526 H
843 2487 871 2537 17
889 2474 929 2535 dc,
944 2475 1065 2540 scriptura
1075 2490 1115 2524 orn
1130 2475 1153 2525 C
1251 2476 1282 2524 18
1297 2475 1421 2526 accederit
1435 2473 1471 2524 C*

262 2611 374 2675 χρήσαιο
385 2615 413 2662 οὐ
423 2613 455 2676 τῇ
467 2613 562 2674 δυνόμει
578 2615 621 2676 τῆς
637 2613 791 2678 α’λληγορόας.
825 2615 842 2675 ἡ
893 2617 986 2678 Water,
998 2632 1023 2681 p.
1037 2613 1094 2677 61);
1111 2615 1200 2666 buthe
1217 2615 1238 2665 is
1254 2615 1347 2665 caresul
1359 2623 1386 2666 to
1397 2613 1472 2666 avoid

262 2694 312 2756 γαρ
325 2691 461 2756 ἀλληγορία
475 2698 502 2744 οὐ
513 2697 609 2757 στοιχεῖ
619 2697 668 2744 τοῖς
678 2697 765 2759 ῥητοῖς,
777 2695 842 2744 ἄλλα
892 2699 956 2750 their
972 2700 1084 2755 method.
1101 2699 1230 2763 although,
1245 2715 1272 2748 as
1284 2699 1387 2748 Photius
1404 2713 1472 2748 com·

263 2779 290 2827 δέ
300 2795 353 2826 τινα
362 2779 523 2838 ἐμφαινόμενα
535 2775 583 2827 art
594 2779 637 2838 τῆς
647 2775 711 2828 κατὰ
722 2779 766 2836 τὴν
777 2771 841 2836 ὑφὴν
892 2780 992 2843 plained
1006 2780 1120 2840 (biblioth.
1137 2780 1192 2830 cod.
1213 2778 1262 2843 38),
1280 2779 1319 2828 his
1334 2794 1392 2828 own
1409 2778 1473 2842 style

263 2860 312 2908 τῶν
338 2859 462 2919 νοημάτων
490 2859 629 2909 α’κολουθίας
655 2860 758 2920 εἰσάγει·
796 2859 845 2908 οἷόν
891 2860 912 2908 is
936 2868 982 2909 not
1005 2860 1074 2924 quite
1099 2861 1150 2910 free
1175 2859 1238 2908 from
1263 2860 1389 2924 obscurity
1418 2857 1472 2920 (τὴν

263 2941 374 2990 ἐστιντὸ
391 2939 546 3001 φιληοότω
561 2959 604 3001 με,
623 2942 698 2990 κ.τ.λ.
719 2941 805 3002 [Cant.
824 2939 840 2989 i.
892 2941 919 2989 δὲ
934 2939 1024 3001 φράσιν
1040 2939 1096 2990 οὔτε
1112 2943 1221 3001 λαμπρός
1238 2939 1292 2990 οὔτε
1308 2943 1364 2990 λόαν
1382 2939 1472 3003 σαφής·

264 3020 298 3082 21.
335 3022 383 3069 ἐκεῖ
399 3020 449 3082 γάρ
469 3021 525 3070 οὔτε
544 3019 745 3082 φόλημα,..οὕτε
764 3019 845 3081 ἔτερόν
893 3023 989 3082 φεόγιον
1008 3022 1034 3070 δὲ
1050 3023 1092 3070 τόν
1115 3023 1213 3070 δυνατόν
1236 3020 1303 3082 αὐτῷ
1320 3017 1409 3082 τρόπον
1430 3021 1473 3080 τῆς

264 3117 294 3160 τι,
321 3097 385 3150 ἀλλὰ
405 3102 470 3150 ἅλλα
493 3099 521 3151 δι’
542 3099 624 3150 ἄλλων
646 3098 777 3162 εόαόγεται·
805 3101 845 3148 καλ
892 3099 1042 3164 α’λληγορόας
1053 3105 1092 3152 καὶ
1104 3100 1166 3153 κατὰ
1177 3099 1221 3163 τὴν
1230 3103 1337 3164 όοτοριαν
1347 3101 1392 3162 τήν
1402 3101 1473 3164 ἑρμη·

263 3183 334 3232 τοῦτό
346 3186 411 3233 ἐστιν
427 3184 578 3246 α’λληγορίαι
595 3186 655 3235 εἶδος
672 3187 750 3246 κόριον
765 3179 843 3231 ...νῦν
893 3185 957 3232 natan
974 3187 1117 3243 ποιούμενος.
1155 3185 1202 3234 See
1220 3183 1353 3240 Fritzsche,
1372 3183 1401 3230 de
1425 3181 1470 3246 Tfi.

263 3263 303 3314 crin
320 3263 370 3324 τὴν
387 3265 422 3314 δι’
442 3268 537 3328 ἔργων
554 3267 736 3327 προφητείαν
753 3261 844 3324 α’λλη-
893 3282 916 3314 n.
936 3271 958 3314 et
973 3281 1019 3314 scr.
1038 3281 1081 3330 pp.
1097 3265 1202 3326 24-26,
1218 3265 1279 3326 Mai,
1296 3281 1343 3312 scr.
1357 3271 1403 3312 vet.
1416 3279 1473 3312 non.

263 3347 370 3408 γορόαν
386 3348 513 3405 ὠνόμασεν.
551 3345 622 3395 Th.'s
639 3361 694 3396 own
713 3345 844 3396 definition
892 3347 944 3398 coll.
960 3347 992 3396 vi.
1005 3347 1080 3412 praef.
1096 3347 1155 3407 §iit

263 3429 293 3478 ol
307 3427 442 3493 ἀλληγορία
459 3429 510 3480 will
526 3429 647 3479 bcsound
658 3429 748 3489 below,
763 3445 789 3494 p.
804 3442 843 3494 79,
927 3441 949 3490 3.
980 3428 1085 3492 confinis
1101 3429 1146 3488 est]
1168 3428 1305 3488 ονοτοιχεῖι
1323 3443 1364 3477 see
1381 3427 1471 3489 below,

264 3511 281 3562 l.
299 3515 335 3562 18.
378 3515 420 3563 On
436 3513 480 3564 the
496 3529 569 3564 cause
587 3513 616 3563 ol
629 3513 678 3563 this
693 3513 848 3562 aversionos
892 3525 960 3560 onv.
977 3522 1006 3571 25
1020 3511 1106 3570 (note).
1137 3508 1475 3573 qnandoquidem...qnando

264 3597 308 3646 the
326 3597 483 3647 Antiochene
500 3597 639 3661 expositors
657 3603 683 3646 to
701 3595 845 3659 allegorica!
893 3593 1043 3640 nero=rorl
1051 3591 1190 3649 μὲν...ποτό
1201 3589 1241 3637 dt:
1255 3589 1286 3638 ct·
1295 3603 1319 3653 p.
1331 3589 1354 3648 8,
1365 3589 1390 3638 ll.
1400 3605 1423 3652 3.
1433 3603 1473 3638 οι.

264 3677 460 3742 interpretation,
491 3693 532 3728 see
561 3678 599 3726 Dr
628 3675 777 3741 Lightfoot's
808 3693 845 3726 re·
926 3689 950 3740 9.
985 3689 1061 3738 neque
1075 3671 1238 3736 ‘sicut’pos.]
1262 3673 1297 3722 So
1314 3671 1375 3720 both
1394 3671 1473 3722 MSS.

265 3757 357 3818 marks,
374 3759 511 3817 Galatiam,
527 3774 550 3823 p.
567 3761 620 3808 180.
811 3771 815 3779 ·
894 3756 962 3804 Pitra
973 3756 1042 3819 gives
1052 3756 1095 3812 sic,
1107 3754 1215 3819 perhaps
1226 3769 1259 3802 on
1271 3761 1376 3802 account
1390 3753 1420 3802 os
1432 3753 1475 3802 the

298 3840 441 3904 According
452 3849 478 3890 to
491 3839 616 3904 Ebedjesu
628 3838 780 3900 (Assemani.
789 3839 845 3888 bibl.
893 3835 1021 3899 following
1038 3852 1122 3899 quom.
1157 3833 1269 3899 Ipreier
1284 3841 1312 3883 to
1329 3835 1387 3884 read
1404 3849 1474 3898 quern

264 3924 350 3972 orient.
373 3922 407 3972 iii.
435 3939 455 3972 1.
478 3939 502 3986 p.
530 3925 579 3984 34),
603 3923 651 3972 Th,
675 3928 752 3972 wrote
773 3920 845 3970 “five
894 3919 932 3980 [or
943 3919 1022 3982 qnod.
1035 3919 1158 3982 retaining
1168 3919 1248 3968 sicut:
1266 3917 1383 3983 ‘theAp
1392 3917 1476 3966 would

265 4003 346 4054 books
368 4019 407 4067 ag.
431 4003 473 4053 the
496 4001 661 4067 allegorists”
712 4002 845 4052 Facundus
893 4007 938 4050 not
953 3999 1017 4048 have
1033 3999 1094 4048 used
1115 3997 1198 4061 ὥσπερ
1216 3999 1242 4048 in
1258 3999 1382 4048 reference
1400 4006 1426 4047 to
1443 4013 1476 4045 an

267 4085 373 4149 (hligne,
394 4085 424 4134 P.
450 4085 481 4133 L.
510 4082 551 4145 67,
575 4082 634 4142 602)
657 4082 718 4132 cites
741 4097 757 4130 a
781 4089 846 4130 trea·
893 4081 1031 4145 imaginary
1047 4095 1138 4145 person
1154 4081 1194 4142 [or
1211 4077 1476 4143 imaginaryevents];

265 4167 312 4215 tise
328 4166 385 4214 “de
401 4165 519 4228 allegoria
535 4170 559 4213 et
575 4164 678 4213 historia
694 4179 769 4228 quem
786 4178 845 4212 con·
893 4164 925 4214 he
943 4163 1026 4213 would
1043 4171 1087 4212 not
1105 4162 1169 4212 have
1186 4162 1272 4210 drawn
1288 4179 1303 4210 a
1318 4161 1421 4234 parallel
1433 4159 1475 4208 bc·

265 4255 303 4296 tra
325 4247 461 4312 Origenem
483 4246 590 4312 scripsit,
611 4247 677 4295 unde
705 4253 729 4295 et
758 4245 845 4294 odium
893 4251 975 4294 tween
992 4259 1007 4292 a
1025 4241 1142 4292 fictitious
1163 4241 1274 4291 Ishmael
1293 4241 1344 4290 arrd
1362 4239 1405 4289 the
1424 4237 1476 4288 real

166 4347 174 4356 ·
266 4329 475 4394 origenianorum
492 4326 620 4379 incurrit.”
654 4329 685 4378 In
702 4327 745 4379 the
760 4334 846 4378 extant
893 4327 944 4376 and
954 4325 1033 4388 living
1044 4331 1199 4389 persecutors
1211 4322 1239 4372 os
1247 4323 1291 4372 the
1302 4319 1423 4370 Church.’

266 4411 454 4464 commentaries
465 4411 495 4460 os
505 4411 565 4471 Th,
579 4411 656 4461 direct
668 4409 765 4460 attacks
776 4423 845 4473 upon
929 4421 966 4470 15.
983 4422 1061 4456 somn.
1074 4413 1136 4456 noct.
1145 4421 1172 4456 οι.
1182 4402 1291 4468 differre]
1302 4403 1350 4451 τῶν
1362 4399 1475 4452 trun-nior

265 4493 308 4544 the
325 4494 464 4559 allegorists
479 4509 521 4544 arc
538 4499 581 4544 not
599 4494 712 4558 frequent
731 4491 770 4552 (ct.
790 4491 845 4540 Toe
894 4489 961 4538 οὐδὲν
973 4489 1100 4552 διαφέρειν.
