3340 5232
177 339 349 428 1..18,19.]
537 353 578 406 ru
604 354 655 407 ar.
678 355 730 406 nu
754 353 1024 406 rfflnursusas.
1319 350 1383 416 209

175 528 392 593 interuertere
415 528 550 612 pietatis
568 528 708 612 cupiunt
727 530 872 611 dogma;
895 527 951 610 qui
973 533 1106 589 tantum
1128 543 1189 587 nos
1210 521 1283 586 uult
1304 541 1385 605 erga

176 626 360 693 haereticos
385 631 501 693 odium
528 629 660 708 habere,
685 629 866 714 sicutipse
892 628 1039 692 scribens
1065 627 1165 689 dicit:
1192 623 1384 688 haereticum
1457 627 1458 630 ’

175 734 335 798 iomirum
351 745 428 817 post
443 735 593 817 primam
616 745 648 798 et
667 733 837 798 secundam
858 731 1083 814 coneptionem
1104 728 1223 792 deuita.
1260 726 1319 790 sed
1343 725 1386 788 de

177 841 242 905 illis
265 839 329 904 hoc
350 841 384 902 in
405 838 479 902 loco
500 837 653 921 loquitur,
675 839 732 920 qui
754 856 871 901 sanam
892 834 1030 918 quidem
1054 833 1240 897 doctrinam
1264 829 1386 894 docent

176 944 384 1026 dogmatum,
405 940 531 1006 faciunt
554 951 667 1006 autem
687 939 768 1004 illud
792 958 860 1003 non
880 936 925 1001 ob
946 937 1052 1020 ipsam
1076 934 1248 1018 pietatem,
1268 931 1327 996 sed
1348 939 1386 993 ut
1423 956 1437 1023 5
1461 969 1463 972 -

176 1053 412 1107 commoneant
434 1052 550 1108 contra
572 1056 649 1108 eum
673 1042 818 1106 insidias.
863 1047 898 1103 et
924 1035 1104 1102 ostendens
1128 1035 1286 1118 quoniam
1307 1051 1386 1094 con·

177 1149 328 1230 sequenti
347 1149 476 1212 ratione
492 1149 539 1212 ita
554 1147 701 1230 persistit
716 1145 759 1208 de
775 1143 912 1226 illisqui
928 1161 994 1205 non
1011 1140 1139 1222 integre
1154 1138 1236 1202 illud
1251 1137 1385 1212 faciunt,

177 1253 237 1315 sed
253 1252 390 1315 insidias
406 1251 436 1314 ei
452 1251 592 1334 cupiunt
607 1268 841 1314 commouere:

243 1412 275 1465 et
295 1401 352 1465 hoc
367 1401 503 1485 gaudeo,
525 1401 583 1465 sed
604 1412 637 1466 et
654 1399 801 1484 gaudebo
810 1423 826 1476 ,¹
855 1399 918 1462 scio
937 1399 1025 1462 euim
1046 1396 1201 1479 quoniam
1224 1395 1281 1458 hoc
1304 1391 1389 1456 milti

171 1503 320 1588 profiu‘et
343 1505 379 1568 iu
399 1506 545 1582 salutem,
560 1514 624 1586 per
644 1512 786 1568 uestram
808 1503 984 1567 oratrbuem
1005 1511 1038 1565 et
1057 1500 1386 1565 subministrationem
1405 1522 1444 1570 ιο

181 1608 331 1692 Spiritus
351 1610 425 1673 Iesu
450 1608 582 1674 Christi.

246 1735 313 1800 ‘his
340 1737 387 1800 ita
411 1735 539 1802 affectis
564 1737 689 1820 gaudio
715 1733 876 1811 cumulos,
901 1735 1009 1798 sciens
1038 1734 1196 1818 quoniam
1220 1733 1253 1796 in
1277 1731 1388 1796 futuro

179 1837 313 1902 saeculo
329 1837 404 1921 plus
418 1838 620 1921 gratulabor,
630 1841 765 1922 quando
780 1859 842 1921 pro
856 1837 908 1900 his
921 1836 1109 1900 mercedem
1122 1835 1279 1918 recipiam
1291 1833 1387 1898 uobis

168 1940 361 2018 ,orantibus
384 1951 418 2004 et
440 1935 573 2006 Christo
595 1943 738 2024 gratiam
756 1941 900 2024 Spiritus
922 1939 1092 2022 copiosam
1115 1938 1212 2002 nobis
1235 1956 1295 2020 pro
1317 1935 1388 1998 istis

180 2043 398 2126 praebente;’
432 2065 472 2108 eo
496 2046 587 2128 quod
614 2055 648 2109 et
669 2046 943 2108 resurrectionem
966 2063 1026 2127 per
1050 2041 1212 2126 Spiritum
1228 2049 1388 2126 sanctum
1406 2056 1441 2125 15

180 2145 250 2210 fieri
266 2149 501 2230 expectabant,
514 2157 549 2214 et
567 2148 756 2213 fruitionem
772 2148 956 2212 futurorum
968 2148 1140 2222 bonorum,
1154 2147 1295 2230 eoquod
1308 2153 1389 2210 ante

180 2250 318 2335 adsequi
349 2254 538 2336 sperabant.
598 2253 735 2317 euidens
761 2261 874 2316 autem
908 2259 969 2332 est,
999 2251 1158 2335 quoniam
1188 2258 1223 2315 et
1259 2249 1389 2314 futurae
1481 2325 1484 2330 .

232 2430 242 2465 1
261 2413 361 2478 pietatis
371 2429 410 2462 σινι
422 2414 456 2464 H
556 2411 572 2463 6
589 2429 746 2464 commouere
757 2413 861 2477 cupiunt
872 2428 889 2460 r
993 2427 1009 2480 9
1026 2426 1073 2476 ego
1086 2410 1140 2474 (bes
1142 2409 1269 2476 gaudebo)
1280 2408 1332 2459 add
1340 2407 1374 2458 H
1375 2407 1387 2434 ⁸

183 2506 213 2541 ιο
229 2493 255 2542 in
266 2508 305 2542 om
321 2491 356 2542 θ’
365 2494 417 2542 Ην
517 2509 544 2545 ra
560 2495 660 2558 gaudeo
670 2493 784 2544 comulor
796 2493 848 2554 (sir)
863 2491 898 2542 C*

180 2637 277 2698 λέγοντι
294 2637 353 2685 rire
369 2637 527 2699 προφάσει,
544 2639 630 2688 ιι.τ.λ.ι
648 2637 760 2687 andthis
810 2632 907 2698 rent”).
949 2635 1022 2684 With
1039 2633 1089 2685 this
1109 2633 1295 2684 latitudinarian
1316 2642 1389 2698 party

180 2714 381 2779 misapplication
393 2714 423 2763 oi
436 2715 478 2764 the
490 2722 542 2764 text
553 2716 574 2764 is
585 2714 639 2764 also
652 2715 759 2765 referred
807 2717 931 2783 (possibly
942 2733 958 2766 a
972 2717 1032 2766 relic
1047 2715 1078 2766 of
1090 2716 1133 2765 the
1144 2715 1223 2765 Arian
1239 2717 1290 2765 aad
1305 2716 1388 2766 Mace·

181 2803 208 2844 to
219 2796 254 2859 by
265 2795 341 2845 ‘lhdt
354 2795 405 2845 and
416 2797 488 2854 Oea,
500 2796 543 2846 the
555 2796 645 2846 tormer
656 2797 759 2861 saying:
809 2798 903 2847 donian
925 2797 1041 2857 sections)
1058 2796 1108 2847 Th.
1125 2797 1176 2845 had
1193 2812 1227 2845 no
1246 2796 1388 2861 sympathy,

181 2880 254 2928 τοῦτο
264 2895 325 2927 τινες
335 2881 384 2927 τῶν
396 2879 502 2938 ἀνοήτων
516 2881 556 2927 rat
567 2881 621 2942 περι
635 2878 683 2927 τῶν
696 2880 760 2941 atpi-
809 2877 1033 2941 notwithstanding
1054 2876 1094 2926 his
1115 2876 1206 2926 dislike
1229 2876 1259 2926 oi
1277 2869 1389 2930 coercire

181 2977 243 3010 σεων
255 2961 418 3023 ὑπειλήφασιν
428 2962 547 3024 εἰρῆσθοι·
565 2961 642 3010 κοιτοι
659 2961 761 3010 συνιδεῖν
808 2975 933 3010 measures
945 2958 985 3025 (cs.
995 2968 1082 3024 supra,
1096 2975 1120 3025 p.
1134 2958 1213 3021 106,1.
1229 2962 1266 3017 18,
1278 2959 1354 3025 note).

182 3041 325 3095 οὖτοῠςέδει
338 3044 369 3094 ὡς
385 3045 413 3093 οὔ
429 3041 610 3106 προστακτικῶς
627 3041 680 3092 ἀλλ’
698 3045 759 3104 dau·
845 3057 867 3092 a.
891 3041 1180 3100 mimatensium,
1198 3039 1258 3106 dte]
1287 3043 1337 3092 Tit.
1353 3043 1387 3092 lii.

181 3124 321 3186 γημοπικῶι
336 3126 409 3174 τοῦτο
424 3126 530 3174 τέθεικεν
546 3125 560 3174 d
576 3126 599 3173 θ.
616 3121 758 3175 ἀπόστολος·
814 3139 850 3175 ιο.

182 3207 210 3254 οὐ
241 3206 291 3269 γὰρ
313 3207 379 3255 εἶπεν
405 3208 670 3270 κοπογγελλέσθιο,
693 3205 761 3256 ἀλλὰ
844 3225 868 3272 5.
890 3215 921 3257 ut
940 3215 1108 3258 commeant
1133 3215 1219 3258 carm
1245 3222 1301 3258 eum
1327 3208 1389 3258 irati·

183 3281 489 3352 κοτοΓΓέλλετοι-σιι
506 3298 639 3356 argument
658 3291 711 3341 due
732 3299 760 3341 to
807 3287 875 3350 dtas]
909 3288 957 3339 See
968 3288 1056 3346 above,
1067 3303 1094 3352 p.
1107 3289 1164 3345 ποθ,
1177 3287 1194 3337 1.
1210 3303 1230 3349 r,
1244 3295 1311 3338 note.

182 3365 282 3429 Chrys,
305 3366 343 3415 ior
361 3365 444 3415 which
463 3364 524 3416 Oec.
546 3367 591 3416 has
610 3367 760 3417 substituted
846 3385 882 3421 ιο.
903 3370 1023 3436 profluet]
1050 3369 1288 3436 vulg.‚proumisr;
1304 3369 1389 3431 O.L‚

181 3446 225 3496 the
235 3446 356 3497 assertion
367 3446 421 3496 that
432 3449 448 3473 “
457 3461 532 3510 many
543 3446 572 3497 oi
580 3448 621 3498 the
633 3446 738 3498 heretice
746 3446 760 3470 ”
805 3452 928 3517 procedat.
961 3452 1019 3517 vig.
1034 3451 1281 3518 Tapshasprrficit.

181 3525 389 3591 misrepresented
411 3526 461 3576 this
483 3533 542 3587 text,
564 3543 592 3578 as
611 3527 634 3577 ii
652 3528 695 3578 the
714 3526 759 3577 im·
847 3549 884 3583 rr.
903 3533 993 3598 infut.
1003 3533 1075 3595 sam]
1093 3533 1390 3598 chrysolampis

181 3609 293 3674 perative
304 3608 355 3658 had
366 3609 429 3658 been
441 3607 510 3658 used.
534 3609 597 3659 This
605 3609 629 3660 ia
638 3611 761 3676 probably
810 3615 836 3665 in
844 3615 887 3666 the
893 3616 970 3665 lower
975 3631 1046 3667 sense
1051 3617 1080 3667 oi
1086 3617 1241 3669 deliverance
1248 3617 1311 3668 bom
1317 3619 1390 3686 peril:

182 3689 288 3754 nothing
305 3690 350 3740 but
369 3706 384 3740 a
401 3689 475 3754 hasty
493 3689 617 3741 iuierence
634 3690 698 3742 trom
717 3692 761 3742 the
811 3697 935 3745 τουτέστιν
943 3699 988 3757 τὴν
998 3697 1158 3759 ἀπαλλαγήν·
1170 3701 1222 3747 ‘rai
1233 3697 1391 3762 rdrtapirra

181 3767 304 3834 language
321 3768 351 3819 oi
365 3769 405 3820 his
423 3770 607 3835 predecesso1s3
633 3773 677 3822 but
697 3771 760 3822 from
812 3777 969 3840 δισφιοξσμσι
980 3777 1064 3829 ὠιτὲν
1076 3778 1171 3843 πρῶτον
1181 3781 1304 3832 'elutum’

182 3849 225 3900 the
247 3851 333 3901 united
355 3858 450 3916 protest
472 3852 502 3903 oi
520 3854 620 3919 Chrys,
640 3855 690 3904 Th.
709 3855 761 3904 and
847 3873 883 3924 ¹5·
908 3860 1012 3926 eoquod
1018 3866 1040 3910 et
1050 3863 1245 3912 resurrectum
1252 3865 1390 3930 perspiri-

182 3933 258 3982 lhdt.
274 3934 292 3983 it
307 3934 328 3983 is
342 3933 409 3983 clear
419 3934 474 3984 that
488 3941 515 3985 at
529 3935 572 3985 the
586 3936 723 4001 beginning
736 3935 765 3986 ot'
811 3945 873 4001 tum,
896 3938 954 4002 aa]
990 3939 1030 3991 Cf.
1055 3955 1080 4006 p.
1104 3941 1342 4006 37,l.13,n0te;
1369 3951 1393 3994 et

182 4012 224 4063 the
237 4011 292 4062 fifth
302 4021 404 4077 century
412 4015 454 4064 the
466 4015 592 4080 Apostle’s
603 4017 686 4066 words
696 4032 761 4067 were
805 4019 911 4084 passim
944 4019 1001 4070 The
1015 4020 1088 4070 other
1105 4021 1156 4072 Glr.
1174 4022 1311 4087 expositors
1328 4023 1391 4074 reier

181 4095 243 4143 used
265 4094 300 4156 by
321 4109 397 4159 many
413 4111 440 4144 as
459 4110 491 4144 aa
513 4103 643 4161 argument
664 4099 761 4162 against
812 4099 895 4150 rather
916 4106 943 4150 to
964 4101 1006 4150 the
1028 4101 1138 4152 increase
1156 4103 1186 4152 oi
1201 4113 1300 4169 present
1317 4121 1391 4169 grace

183 4173 225 4224 the
244 4175 375 4239 prevalent
393 4175 491 4225 attacks
514 4192 581 4242 upon
604 4177 692 4242 heresy
711 4180 760 4244 (Ja·
811 4182 862 4231 and
873 4182 984 4248 spiritual
996 4183 1055 4248 giits
1064 4199 1072 4244 ;
1089 4200 1111 4235 c.
1116 4201 1140 4250 g.
1153 4185 1260 4251 Thpht.:
1276 4188 1392 4250 ἐπιχορη·

183 4257 254 4306 cobi:
277 4259 296 4284 “
303 4273 354 4307 nou
371 4259 473 4308 deerant
490 4259 565 4323 igitur
579 4259 628 4310 illis
645 4261 762 4327 tempori-
811 4267 869 4328 γιον
886 4267 911 4315 u
928 4267 997 4327 λέγει
1007 4269 1053 4327 τὴν
1062 4270 1141 4319 πλείω
1151 4271 1258 4320 ἐπίδοσιν
1268 4272 1311 4332 τῆς
1322 4274 1390 4335 χάρι-

182 4339 238 4396 bus,
257 4340 300 4405 qui
322 4339 469 4389 severiorem
488 4340 607 4392 ecclcsiae
624 4341 762 4393 catholicae
810 4364 851 4397 τοι
863 4347 905 4395 τοῦ
916 4349 1057 4408 πνεύμονος,

183 4428 209 4476 in
233 4427 370 4477 haereticos
393 4425 482 4490 agendi
506 4428 608 4477 modurn
636 4428 760 4493 improba-

270 4539 296 4588 S.
1267 4549 1305 4612 14
