3340 5232
167 415 227 481 IV.
248 413 351 498 1-3.]
582 428 623 478 ru
648 427 701 478 ee.
723 425 775 476 AD
798 425 986 476 epusstos.
1312 412 1371 492 163

228 597 349 660 obsecro
362 616 437 679 ergo
452 617 509 659 uos
521 616 577 678 ego
591 595 718 658 uinctus
732 593 768 657 in
782 592 933 656 Domino.

230 729 440 812 dogmaticos
473 750 642 793 sermones
678 728 849 810 hucusque
886 748 1130 804 consummans,
1166 725 1282 808 incipit
1319 726 1374 790 hic

165 830 300 895 ethicos.
340 842 373 896 et
385 834 529 915 primum
541 833 676 915 quidem
694 831 757 894 illis
773 833 922 914 disputat
938 832 981 894 de
996 832 1133 894 caritate
1148 841 1182 894 et
1197 832 1374 894 concordia

165 953 266 1014 quam
295 954 373 1016 erga
400 955 435 997 se
460 935 585 998 debent
610 935 643 997 in
671 935 813 997 inuicem
841 954 1014 1011 exercere3
1036 953 1136 1016 quam
1164 943 1198 996 et
1224 934 1374 995 maxime

166 1035 322 1098 omnibus
345 1037 408 1099 illis
431 1037 515 1119 plus·
529 1057 601 1100 esse
624 1037 843 1100 necessariam
866 1037 1046 1112 existimat,
1063 1037 1154 1100 omni
1178 1037 1211 1099 in
1234 1036 1308 1099 loco
1331 1038 1374 1100 de
1411 1053 1426 1122 5

166 1139 224 1202 illa
240 1140 422 1222 disputans.
467 1143 633 1224 optimum
649 1142 804 1222 equidem
818 1141 1016 1224 principium
1032 1142 1076 1206 ab
1092 1139 1325 1204 exhortatione
1341 1150 1374 1203 et

166 1241 395 1306 obsecratione
411 1245 591 1325 sumpsisse
607 1243 745 1307 uidetur.
791 1243 853 1305 scit
868 1244 957 1306 enim
973 1243 1080 1324 magis
1096 1243 1138 1305 ad
1155 1243 1373 1306 reuerentiam

167 1345 308 1409 inuitare
333 1346 392 1409 tali
418 1347 660 1423 exhortatione,
688 1346 836 1410 maxime
860 1347 939 1428 quia
963 1356 997 1409 et
1023 1345 1152 1421 adiecit,
1182 1344 1310 1407 uinctus
1338 1342 1374 1406 iu

167 1445 331 1524 Domino;
376 1449 542 1530 siquidem
574 1458 608 1511 et
644 1450 716 1530 ipsa
749 1447 882 1511 uincula
920 1430 1055 1530 propter
1094 1445 1374 1529 praedicationem

167 1541 289 1613 habere
305 1551 443 1616 uidetur.
477 1572 552 1614 cum
568 1553 690 1634 quibus
705 1561 740 1616 et
754 1554 946 1616 obsecratur
962 1572 1019 1615 eos
1034 1552 1169 1615 dicens:
1394 1575 1433 1622 10

233 1700 272 1754 ut
284 1691 381 1774 digua
395 1693 564 1756 ambuletis
577 1692 739 1756 uacatione
751 1714 817 1775 qua
831 1693 937 1757 uocati
949 1693 1033 1758 estis.

235 1822 268 1875 et
283 1813 347 1890 hoc
362 1815 475 1878 dicens
491 1815 533 1878 ad
550 1816 783 1879 uerecundiam
800 1835 857 1878 eos
873 1816 1014 1892 inuitat;
1037 1815 1065 1877 si
1085 1824 1199 1877 tamen
1222 1815 1376 1896 propriae

169 1918 336 1981 uocationi
367 1919 469 2000 digna
492 1918 566 1981 illos
589 1939 687 2001 agere
709 1920 913 2000 deprecatur.
967 1917 1046 1999 quid
1072 1927 1185 1981 autem
1209 1925 1261 1980 est
1287 1919 1376 2000 quod

168 2019 318 2106 postulat
331 2019 343 2083 i

234 2190 306 2232 cum
321 2169 412 2233 omni
423 2167 607 2236 lruurilitatc
623 2183 655 2236 et
673 2172 1011 2248 mansuetudinem
1026 2171 1199 2255 paruntia,
1217 2171 1377 2236 sustineu-
1396 2176 1431 2243 15

173 2278 219 2333 tes
233 2270 269 2334 iu
284 2272 420 2336 inuicem
435 2273 471 2336 iu
486 2275 607 2338 curitat
622 2325 630 2338 .

236 2392 394 2473 quoniam
414 2391 477 2456 hoc
493 2395 633 2468 dicebat,
653 2393 732 2475 quia
748 2392 899 2458 Christus
914 2393 1069 2476 equidem
1085 2393 1234 2456 diuinam
1250 2390 1378 2455 habens

172 2497 205 2558 in
216 2513 258 2558 'se
274 2506 435 2573 naturam,
452 2507 565 2562 tamen
582 2497 688 2562 multa
703 2496 892 2562 humilitate
914 2498 1037 2561 abusus
1053 2497 1166 2560 omnia
1188 2496 1295 2560 uoluit
1317 2516 1378 2578 pro

172 2606 285 2663 nostra
305 2599 374 2680 pati
396 2599 510 2664 salute.
555 2600 619 2664 hoc
637 2622 715 2682 ergo
723 2602 812 2665 dicit
827 2603 1029 2665 conueniens
1045 2620 1117 2664 esse
1132 2600 1315 2677 uocatione,
1332 2601 1379 2664 ita

172 2708 210 2763 ut
234 2698 356 2764 Christi
383 2700 553 2764 imitantes
578 2701 800 2766 humilitatem
831 2702 1015 2766 sustineant
1041 2723 1077 2765 se
1101 2702 1251 2778 inuicem,
1277 2703 1378 2766 etiam
1394 2717 1436 2765 20

173 2801 235 2865 etsi
272 2802 463 2886 delinquere
498 2803 642 2886 aliquem
673 2803 852 2886 aliquando
882 2805 1039 2870 extiterit.
1090 2806 1176 2867 bene
1202 2815 1314 2868 autem
1345 2807 1379 2868 in

172 2901 292 2965 ultimo
314 2904 425 2984 posuit
447 2905 483 2968 iu
504 2905 648 2980 caritate,
670 2925 710 2968 eo
733 2906 822 2986 quod
847 2904 873 2967 si
896 2904 983 2968 hanc
1005 2903 1152 2968 habeant
1168 2905 1255 2968 inter
1274 2925 1318 2981 se,
1344 2915 1379 2968 et

173 3003 396 3070 humilitatem
412 3018 446 3070 et
461 3009 752 3082 mansuetudinem
768 3016 802 3071 et
818 3007 1014 3090 patientiam
1034 3017 1068 3073 et
1088 3008 1202 3072 omnia
1224 3008 1258 3071 in
1280 3028 1380 3090 opere

173 3108 348 3170 ostendere
363 3109 515 3190 poterint.
1241 3112 1246 3122 ’

237 3242 449 3307 adcelerantur
462 3265 594 3308 seruare
608 3243 766 3309 unitatem
783 3243 938 3327 Spiritus,
953 3243 989 3308 in
1004 3243 1131 3308 uinculo
1137 3245 1239 3326 pacis.
1394 3247 1434 3314 25

226 3419 236 3454 1
255 3412 339 3454 autem
356 3403 415 3469 (sor
429 3401 500 3470 ergo)
517 3405 551 3454 H
676 3420 690 3453 α
708 3403 750 3454 hic
766 3419 805 3453 om
822 3403 856 3453 H
970 3423 994 3467 4,
1009 3401 1039 3453 16
1055 3402 1082 3452 in
1100 3403 1154 3466 (bes
1162 3403 1280 3464 inuicem)
1297 3419 1336 3452 om
1353 3405 1387 3452 H

174 3485 190 3535 6
207 3485 268 3536 illud
280 3488 314 3536 H
432 3502 459 3537 12
478 3486 578 3552 proprie
588 3486 720 3536 uocatione
734 3487 756 3536 C
883 3501 912 3553 ¹9
929 3485 1054 3536 uocationi
1069 3486 1090 3536 C
1101 3483 1174 3550 (corr)
1185 3485 1342 3536 uocationem
1354 3486 1388 3540 H

177 3581 208 3631 25
226 3567 344 3618 uirtutem
358 3567 414 3632 (for
423 3567 497 3632 unit.)
513 3568 578 3618 CH

175 3725 205 3759 or
228 3708 335 3775 perhaps
359 3711 442 3759 rather
469 3717 496 3759 to
524 3709 594 3774 [per]
622 3709 755 3774 catolepsin
807 3706 1052 3772 Scot.,sufferentes).
1337 3765 1341 3772 ¹

177 3791 228 3852 (see
240 3790 343 3851 nevit,
357 3790 434 3853 s.v.);
452 3807 480 3840 so
493 3791 568 3842 Pitra.
839 3803 879 3850 ²4·
908 3787 1027 3851 poterint]
1062 3787 1110 3838 See
1125 3805 1149 3854 p.
1167 3803 1189 3850 2,
1205 3787 1270 3850 1.s;
1287 3790 1336 3838 and
1348 3789 1380 3840 ci.

211 3884 233 3934 7.
268 3872 313 3920 scit
339 3873 405 3919 enim
430 3869 649 3936 magri...uidetur]
689 3871 755 3920 Lan-
806 3869 907 3934 Bensly,
921 3871 960 3919 M.
976 3870 1013 3930 F..
1027 3887 1071 3935 pp.
1085 3883 1114 3932 72
1129 3872 1216 3932 (note),
1230 3871 1268 3921 88.

175 3951 263 4000 franc:
299 3952 357 4000 “ad
386 3953 551 4001 reuerentiam
580 3959 660 4000 mutat
694 3952 751 4016 (leg.
839 3953 879 4014 ὰς).
912 3950 1082 4013 adcelerantes]
1116 3950 1156 4001 Cl.
1171 3969 1181 4001 r
1195 3953 1283 4002 Thess.
1299 3952 1325 4002 ii.
1343 3962 1380 4014 17,

177 4031 276 4097 inuitat)
296 4034 356 4098 quia
378 4035 469 4084 adiecit
486 4051 526 4099 ego
544 4035 642 4083 uinctus
660 4035 689 4082 in
708 4035 754 4092 D..
805 4033 885 4097 infra.
919 4033 1064 4082 Elsewhere
1086 4033 1112 4082 in
1135 4034 1177 4083 the
1199 4040 1251 4083 text
1279 4034 1309 4083 of
1333 4034 1383 4083 this

177 4115 300 4180 siquidem
316 4116 371 4180 ipsa
386 4133 409 4165 u.
427 4123 529 4180 propter
546 4117 630 4180 praed.
645 4115 670 4164 h.
685 4116 754 4165 uide·
804 4131 894 4166 comm.
921 4116 1065 4176 σπουδάζειν
1087 4117 1107 4166 is
1130 4117 1250 4166 rendered
1278 4118 1312 4182 by
1333 4118 1384 4183 fes-

176 4195 244 4246 tur.”
276 4197 349 4246 With
371 4197 442 4247 Th.’s
466 4198 564 4247 remark
588 4197 619 4248 cs.
641 4197 716 4247 Oec.:
742 4198 755 4246 d
804 4200 893 4248 tiuare.

178 4278 314 4327 ἀπόστολος
324 4281 413 4338 ταύτην
428 4279 472 4340 [sc.
482 4281 527 4340 τὴν
539 4278 634 4340 ἅλυσιν]
645 4280 754 4342 προβάλ·
836 4279 968 4340 unitatem]
1000 4280 1048 4330 See
1060 4297 1100 4328 vv.
1113 4279 1138 4328 ll.
1170 4279 1226 4328 The
1242 4280 1346 4345 reading
1359 4281 1389 4330 os

176 4361 248 4409 herou
259 4360 288 4410 ὡς
300 4357 339 4409 ded
350 4361 437 4418 ταύτης
450 4359 599 4420 δυσωπήσων
610 4363 700 4411 αὐτούς.
802 4359 846 4409 the
864 4359 943 4410 Mss.
960 4359 982 4408 is
999 4360 1110 4409 retained
1130 4359 1166 4424 by
1186 4361 1260 4422 Pitra,
1280 4363 1324 4411 but
1343 4363 1385 4412 the

214 4452 251 4502 15.
276 4441 429 4501 sustinentes]
442 4441 645 4506 SoCypr.‚Aug.
659 4439 753 4504 (vulp,
804 4457 895 4491 comm.
922 4443 1003 4492 shews
1022 4443 1077 4491 that
1099 4441 1119 4491 it
1142 4441 1270 4508 issimply
1289 4445 1338 4494 due
1358 4453 1385 4494 to

178 4525 363 4585 supportanter;
392 4521 476 4579 Hier..
505 4521 641 4577 Ambrstr.,
665 4521 751 4572 SeduL
808 4521 850 4570 the
862 4538 931 4572 error
941 4522 971 4571 os
978 4522 1092 4572 ascribe.

1195 4639 1296 4684 11-2
