3342 5224
143 397 187 462 ll.
204 399 246 484 9.]
551 417 590 466 ru
616 417 666 467 nn.
691 417 742 466 nn
766 417 944 468 curuans.
1311 421 1350 484 19

142 591 260 655 derunt
274 591 360 656 milti
371 603 403 656 et
416 592 589 656 Barnabae
608 591 848 670 communionis,
865 602 904 655 ut
921 611 979 656 nas
992 591 1120 673 qru'dnu
1136 590 1171 654 in
1187 588 1347 672 gentibus,

144 692 208 773 ipsi
221 715 295 758 uera
311 695 346 757 in
359 694 602 760 a'raancnione.

210 824 348 905 quidam
363 824 411 886 sic
426 823 586 906 legerunt,
602 820 660 884 scd
671 843 687 884 e
697 819 1111 904 cantrarr'a‚·-perfectum
1123 840 1258 884 sensum
1271 840 1348 883 con-

145 921 327 988 cludentes,
351 926 394 988 ad
411 925 547 1009 plenum
563 945 642 986 uero
659 923 831 987 intendere
846 925 953 987 ordini
969 927 1146 989 uerborum
1164 924 1347 987 noluerunt.

145 1036 197 1091 est
215 1030 303 1091 enim
327 1050 443 1092 sensus
464 1030 535 1093 hic:
557 1027 616 1091 sed
633 1050 650 1091 c
667 1028 830 1091 contraria
853 1026 996 1090 uidentes
1016 1027 1171 1110 quoniam
1192 1026 1348 1089 creditum
1386 1026 1400 1090 5

145 1141 193 1193 cst
214 1132 299 1195 mz'lti
323 1133 525 1216 euuangelium
545 1131 720 1215 praeputii,
746 1132 830 1195 sicut
849 1140 882 1193 et
908 1131 1008 1194 Petra
1022 1130 1295 1212 ¹circumcisionis,
1320 1139 1351 1190 ct

144 1245 355 1314 cognoscentes
374 1237 526 1318 gratiam
548 1257 629 1318 quae
649 1235 729 1298 data
752 1245 800 1298 est
824 1233 917 1310 mini,
937 1243 971 1298 et
994 1244 1112 1299 cetera.
1130 1279 1131 1282 κ
1149 1242 1226 1316 post
1249 1233 1348 1295 inter-

146 1337 322 1402 iectionem
346 1360 433 1422 quae
456 1349 507 1404 est
529 1342 572 1404 ab
594 1341 651 1403 illo
673 1340 766 1404 loco:
787 1339 847 1402 sed
864 1360 962 1420 neque
981 1338 1084 1412 Titus,
1108 1346 1349 1420 consequenter

146 1442 421 1526 praecedentibus
448 1445 597 1507 iunctum
621 1452 679 1519 est,
697 1451 735 1506 ut
755 1444 818 1506 sit:
840 1441 901 1524 qui
917 1442 1002 1504 enim
1026 1451 1173 1524 operatus
1186 1451 1234 1511 ast
1250 1442 1349 1504 Petra

146 1543 181 1606 in
205 1545 416 1626 apostalanim
439 1547 698 1623 circumcisionis,
723 1555 871 1630 operatus
895 1557 942 1610 est
966 1555 998 1608 et
1021 1545 1106 1609 milti
1130 1546 1215 1609 inter
1231 1555 1405 1629 gentes.10

146 1653 237 1732 quod
263 1653 296 1715 in
324 1653 442 1716 mediis
473 1654 681 1717 sermonibus
711 1651 895 1716 secundum
926 1651 1171 1714 interiectiones
1201 1649 1348 1732 positum

146 1775 219 1817 esse
234 1756 375 1832 uidetur,
391 1757 433 1819 ad
451 1755 739 1838 comprobandum
756 1753 846 1836 quod
863 1754 897 1815 in
916 1752 1041 1815 nullam
1061 1761 1190 1834 partem
1206 1751 1350 1814 minora-

147 1858 272 1922 tionem
299 1861 462 1922 sustineat
487 1859 719 1941 euangelium,
751 1879 792 1922 eo
816 1857 909 1941 quod
936 1856 1025 1920 idem
1055 1856 1098 1918 sit
1121 1855 1214 1919 Deus
1236 1857 1294 1940 qui
1317 1867 1350 1920 et

146 1961 211 2024 hoc
236 1961 335 2025 Petro
362 1963 516 2040 iniunxit,
541 1971 576 2026 et
600 1962 682 2025 illud
709 1963 781 2027 sibi.
826 1961 900 2025 uult
926 1969 1039 2024 autem
1062 1959 1171 2023 dicere
1191 1961 1349 2042 quoniam

146 2061 207 2124 ‘illi
219 2063 354 2145 quidem
367 2063 456 2126 niln'l
465 2065 666 2128 canicularum
680 2063 784 2139 milzi,¹
801 2063 993 2127 econtrario
1008 2083 1084 2124 uera
1098 2062 1161 2145 ipsi
1177 2063 1351 2128 audientes
1369 2067 1403 2133 ¹5

146 2186 168 2228 a
184 2185 238 2231 me
254 2167 419 2248 euangelii
439 2167 577 2231 modum
598 2187 698 2250 quem
715 2167 959 2250 praedicabam,
977 2176 1009 2230 et
1030 2166 1140 2230 edocti
1160 2163 1351 2230 huiusmodi

146 2267 301 2348 gratiam,
316 2268 359 2331 ad
382 2269 445 2333 hoc
466 2271 604 2353 adsequi
629 2271 804 2352 promerui,
818 2278 854 2332 ut
870 2269 1095 2353 probatissimi
1111 2271 1351 2355 apostolorum,

147 2373 291 2436 Iacobus
316 2382 350 2437 et
374 2374 542 2439 Iohannes
567 2385 602 2439 et
623 2374 765 2458 Cephas,
788 2394 854 2438 non
878 2373 987 2437 solum
1011 2394 1078 2438 non
1102 2375 1351 2458 reprobauerint

148 2493 235 2554 mea,
262 2476 321 2539 sed
352 2485 386 2540 et
415 2477 587 2541 doctrinae
617 2497 789 2541 assensum
817 2476 1037 2560 praebuerint,
1069 2478 1117 2542 ita
1146 2487 1183 2542 ut
1211 2477 1351 2543 dextras

144 2571 391 2642 communionis
415 2579 499 2643 mihi
524 2601 659 2663 quoque
687 2580 806 2643 darent
833 2588 868 2642 et
894 2578 1076 2655 Barnabae,
1101 2588 1138 2644 ut
1164 2580 1353 2644 uideremur
1366 2587 1409 2638 20

149 2679 241 2762 (iicet
264 2702 323 2745 nos
345 2683 500 2764 gentibus
521 2682 796 2765 praedicaremus,
813 2682 875 2764 ipsi
897 2703 976 2746 uero
997 2681 1061 2745 illis
1081 2683 1137 2765 qui
1160 2683 1194 2745 in
1214 2684 1352 2747 circum-

148 2785 273 2848 cisione
285 2786 374 2867 sunt)
390 2783 510 2870 [quod]
522 2795 600 2848 tunc
612 2787 708 2849 unius
724 2805 871 2848 essemus
887 2787 1095 2863 sententiae3
1112 2783 1172 2869 [et]
1191 2805 1292 2848 unam
1304 2787 1352 2847 in-

148 2887 333 2950 tentionem
349 2886 519 2964 habentes,
530 2889 701 2952 uniuersos
716 2906 777 2969 per
791 2886 891 2950 fidem
909 2887 1043 2953 Christo
1055 2884 1250 2953 offeramus.¹
1273 2909 1351 2951 nam

148 2997 183 3051 et
198 2987 353 3053 discretio
368 2989 451 3053 haec
467 3009 534 3054 non
550 2988 616 3054 alia
636 3010 680 3052 ex
700 3009 801 3054 causa
821 2979 935 3052 diuina
954 2990 1062 3072 gratia
1078 2998 1129 3053 est
1149 2981 1352 3072 dispensata,

197 3159 212 3206 3
229 3141 340 3207 legerant
356 3143 391 3192 H
466 3158 496 3192 ro
512 3141 654 3208 apostolatu
668 3143 690 3192 C
700 3139 773 3206 (cnr)
855 3155 883 3194 12
902 3142 929 3190 in
945 3157 984 3190 om
1003 3139 1050 3190 H·
1136 3156 1165 3204 13
1181 3142 1286 3192 sustinet
1305 3141 1353 3193 H*
1399 3133 1402 3136 ¹

150 3220 180 3272 16
192 3222 330 3272 edoctusc
424 3223 452 3271 18
464 3224 659 3288 reprobnuerunt
673 3221 711 3271 C*
723 3221 757 3272 H
853 3235 882 3285 19
890 3222 1059 3285 praebuerunt
1074 3220 1113 3272 C*
1124 3223 1159 3270 H
1251 3238 1284 3274 ao
1295 3223 1354 3300 liar·

147 3305 227 3354 nebae
246 3303 284 3354 C*
385 3319 413 3355 nr
433 3305 632 3370 praedicarentur
651 3303 686 3354 C*
697 3306 732 3353 H
828 3319 858 3354 aa
877 3305 953 3370 quod,
971 3311 1004 3362 et,
1021 3321 1061 3355 om
1075 3303 1115 3355 C*
1126 3305 1161 3356 H

181 3470 204 3518 3.
238 3455 514 3520 qnidamn'clegaunt,
529 3455 586 3518 ἃς]
602 3455 726 3505 iasone
772 3471 796 3519 p.
811 3466 840 3518 75
854 3453 894 3519 (cf.
907 3443 933 3520 p.
946 3451 980 3520 8).
1014 3455 1081 3505 Both
1092 3456 1153 3506 verb
1164 3457 1215 3506 and
1230 3472 1298 3508 noun
1309 3443 1353 3508 are

146 3535 323 3600 [expositorsi]
332 3525 484 3602 punctuated
494 3537 564 3586 thus:
576 3535 642 3586 οὐδὲν
650 3552 724 3597 προσ·
774 3534 887 3600 frequent
899 3535 925 3584 in
936 3534 985 3584 this
996 3536 1150 3586 translation.

148 3619 266 3676 ανέθεντο,
281 3619 500 3668 mirabantur·
521 3619 617 3678 ἰδόντες,
632 3620 706 3667 κ.τ.λ.
743 3624 745 3632 “
808 3632 848 3667 aa.
869 3633 947 3668 unam
956 3618 1113 3668 minutiam
1124 3620 1244 3682 habmus]
1261 3622 1352 3688 Comp.

182 3711 205 3762 7.
231 3708 286 3764 post
303 3701 499 3762 internanarum]
533 3702 589 3752 The
608 3701 726 3765 meaning
775 3700 845 3750 Th.'s
864 3700 928 3765 prol.
949 3707 975 3750 to
994 3701 1037 3751 the
1055 3702 1104 3766 Ep.
1122 3709 1149 3752 to
1166 3703 1209 3752 the
1229 3705 1352 3755 Hebrews

145 3779 545 3832 seemstobethatthewordso'
562 3785 611 3845 γὰρ
628 3785 724 3845 duppi-
776 3779 881 3845 (Migne,
903 3778 968 3845 952),
990 3777 1035 3843 cip(
1058 3781 1095 3830 lua
1116 3778 1148 3830 τὰ
1168 3784 1213 3842 μὲν
1235 3782 1299 3834 οὗτοι
1321 3784 1352 3834 ri

146 3879 228 3914 aas...
238 3865 270 3914 etr
281 3864 313 3913 ri
323 3866 383 3924 ἔθνη
393 3881 434 3914 are
445 3865 607 3930 parenthetic‚
619 3865 670 3915 lilce
682 3865 724 3914 the
775 3863 800 3910 δὲ
820 3863 904 3911 ἐκεῖνοι
923 3864 1073 3926 διδάσκωσιν,
1094 3865 1126 3914 εἲς
1141 3863 1190 3926 γὰρ
1206 3861 1235 3925 ἧν
1251 3866 1322 3917 αὐτὸς
1339 3869 1352 3916 ὁ

147 3947 296 4011 paragraph,
305 3962 347 3996 vv.
358 3944 435 4010 3—63
450 3963 478 3996 so
487 3947 541 3997 that
548 3947 592 3997 the
601 3961 724 4012 sequence
773 3948 871 4002 σκοπός,
881 3944 934 3994 ἀλλ’
943 3948 982 3994 ἵνα
993 3947 1015 3994 ot
1025 3948 1069 4006 utu
1081 3948 1136 4010 rob
1146 3949 1196 3998 iri
1206 3948 1282 3998 ἐθνῶν
1292 3952 1314 3999 ot
1326 3952 1352 4000 u

147 4031 184 4080 is:
202 4031 317 4092 ἀνεθέμην
330 4033 380 4082 τοῖς
395 4033 514 4082 δοκοῦσιν·
531 4033 553 4081 ot
569 4033 720 4084 δοκοῦντες...
774 4030 827 4078 toti!
838 4029 888 4078 4πό
897 4025 946 4077 nir
956 4027 1077 4078 Ἰουδαίων
1087 4029 1118 4091 τῇ
1130 4031 1213 4081 πίστει
1223 4030 1350 4095 προσάγω·

148 4115 317 4164 ἰδόντος...κώ
339 4116 439 4174 γνόντες
460 4115 505 4174 τὴν
525 4113 604 4177 χάριν,
629 4117 720 4175 κ.τ.λ.,
773 4125 820 4158 W·

146 4194 396 4252 δεξιὰςέδωκανέμοί.
429 4195 517 4245 Either
527 4195 669 4261 something
679 4197 724 4246 has
806 4205 846 4254 ²4·
876 4193 990 4243 «increta
1010 4193 1074 4254 haec,
1099 4193 1158 4256 &tt-1
1189 4196 1264 4248 Card-
1282 4196 1351 4246 Pitra

145 4275 211 4324 been
226 4275 275 4329 lost
292 4275 453 4336 [interiectum
470 4292 500 4325 or
516 4277 646 4326 miniario
663 4278 726 4328 aller
774 4289 892 4339 proposes
911 4273 986 4339 (Spu.
1000 4276 1099 4325 Saiesm.
1116 4289 1135 4326 1.
1149 4293 1175 4342 p.
1192 4277 1259 4342 567),
1276 4280 1350 4329 “disz

145 4363 176 4404 n!
193 4355 245 4417 πη,
265 4373 294 4406 or
315 4357 358 4407 the
381 4359 512 4408 translator
533 4358 578 4408 has
600 4359 675 4410 failed
698 4367 725 4410 to
774 4358 851 4408 cretio
861 4359 924 4408 haec
936 4358 1037 4408 diuinae
1051 4359 1145 4424 gratiae
1160 4376 1210 4412 non
1225 4362 1275 4412 nlla
1285 4377 1315 4412 ex
1327 4377 1350 4411 c.

146 4439 298 4490 understand
309 4439 349 4490 his
360 4438 474 4503 original.
774 4447 811 4490 est
825 4439 993 4504 dispensata.’'

182 4533 220 4568 ιν.
249 4515 444 4581 minoratinum]
466 4521 513 4570 Se'e
527 4521 634 4579 Rdnscir,
647 4522 723 4580 Itala,
