3342 5224
200 431 393 516 Il.15,16.]
605 445 646 494 nv
671 445 723 497 sn
745 443 797 494 nn
820 444 996 496 cameris.
1365 441 1404 508 25

198 617 356 699 operibus
379 617 462 700 legis
483 617 662 684 iustificari.
708 618 857 684 simulet
879 618 971 683 illam
992 638 1079 702 quae
1099 638 1143 682 ex
1163 617 1231 681 fide
1246 625 1297 681 est
1316 615 1409 680 iusti-

198 720 281 782 tiam
307 720 516 802 comparauit
541 720 588 784 illi
614 721 758 785 iustitiae
787 741 874 804 quae
904 741 949 785 ex
980 721 1054 805 lege
1080 729 1152 798 est3
1183 718 1276 783 cuius
1306 718 1408 782 etiam

199 823 398 906 dignitatem
426 822 540 890 multis
567 825 676 888 modis
702 826 872 909 publicare
902 825 1146 909 deproperauit.
1198 824 1264 887 hoc
1293 830 1407 886 autem

199 927 289 990 idem
316 937 350 990 et
374 927 439 992 hoc
462 929 495 991 in
524 927 600 992 loco
621 928 708 1004 lacit,
732 930 931 993 necessitate
957 928 1106 993 maxima
1129 947 1165 991 se
1188 924 1406 1009 conpellente.

199 1029 242 1092 ad
259 1030 504 1094 ostendendum
521 1052 600 1094 uero
616 1033 806 1096 euidentem
820 1032 1036 1110 intellectum,
1052 1031 1130 1095 uolo
1146 1029 1244 1094 latius
1259 1029 1407 1113 pandere
1445 1029 1461 1096 5

199 1133 280 1214 quid
304 1133 409 1197 uoluit
432 1134 541 1198 dicere
563 1133 654 1200 illam
678 1135 838 1200 iustitiam
861 1157 948 1218 quae
972 1158 1017 1201 ex
1044 1136 1110 1201 fide
1131 1145 1200 1213 est;
1224 1137 1304 1219 quid
1328 1155 1408 1199 uero

200 1235 293 1299 illam
317 1257 403 1319 quae
422 1259 465 1302 ex
489 1239 644 1321 operibus
668 1239 750 1322 legis
774 1248 834 1317 est,
852 1259 954 1322 quam
978 1259 1085 1322 neque
1113 1237 1287 1320 adquirere
1310 1236 1407 1302 alicui

200 1339 359 1419 possibile
380 1350 439 1405 est.
484 1343 608 1405 etenim
632 1343 770 1406 modum
790 1340 958 1423 quendam
982 1363 1049 1406 non
1073 1341 1205 1404 modica
1224 1338 1406 1402 secundum

201 1438 409 1506 intellectum
429 1441 578 1525 pluribus
597 1443 675 1508 hinc
695 1444 849 1509 dubietas
870 1444 1006 1507 adnasci
1023 1444 1162 1517 uidetur,
1181 1441 1329 1505 maxime
1344 1440 1408 1505 illis

201 1545 258 1626 qui
274 1546 403 1610 cautius
419 1547 627 1612 considerare
644 1547 727 1612 talia
747 1555 999 1622 consueuerum,
1014 1546 1092 1628 quia
1108 1566 1168 1608 nos
1185 1553 1282 1607 extra
1297 1542 1406 1628 legem
1425 1551 1464 1598 10

201 1663 268 1709 non
289 1667 423 1727 sumus;
448 1647 525 1713 licet
548 1649 757 1732 Moysaicam
781 1647 889 1731 legem
912 1668 980 1711 non
1007 1650 1150 1713 eandem
1173 1670 1248 1713 cum
1275 1648 1408 1713 ludaeis

201 1751 436 1827 custodiamus,
451 1760 567 1816 tamen
582 1761 660 1815 sunt
680 1761 715 1815 et
735 1752 823 1834 apud
840 1771 902 1815 nos
921 1751 1033 1834 aliqua
1054 1773 1141 1835 quae
1161 1760 1195 1816 et
1216 1752 1410 1816 festinamus

202 1871 268 1914 non
284 1853 523 1934 praeuaricare.
556 1855 678 1918 etenim
695 1853 911 1918 homicidium
926 1875 1084 1918 cauemus
1099 1854 1214 1932 lacere,
1230 1863 1264 1918 et
1280 1854 1409 1920 adulte·
1454 1869 1464 1890 ⁸

203 1955 286 2018 rium
302 1975 311 2034 ;
333 1964 426 2020 etex
442 1956 573 2039 integro
588 1957 646 2020 illa
661 1977 748 2038 quae
767 1977 885 2021 cauere
901 1977 962 2022 nos
977 1958 1091 2022 diuina
1112 1968 1226 2023 monet
1248 1960 1410 2043 scriptura

201 2059 264 2122 sub
286 2059 358 2143 lege
378 2079 439 2123 nos
458 2080 531 2124 esse
550 2061 742 2124 ostendunt.
787 2062 896 2125 omnis
916 2062 1005 2125 enim
1026 2063 1219 2126 constitutio
1243 2061 1334 2126 aliud
1354 2063 1408 2146 agi
1428 2065 1462 2132 15

203 2163 372 2246 praecipit,
389 2162 478 2226 aliud
495 2163 588 2227 iubet
602 2163 711 2227 caueri
724 2188 732 2244 ;
754 2163 837 2228 haec
852 2172 965 2229 autem
981 2174 1015 2229 et
1031 2165 1087 2229 lex
1104 2174 1154 2230 est
1169 2175 1203 2230 et
1218 2165 1347 2230 dicitur.

269 2265 433 2330 Dominus
455 2266 548 2330 Deus
572 2267 728 2332 mortales
748 2269 884 2352 quidem
908 2290 970 2334 nos
989 2271 1171 2335 secundum
1199 2281 1409 2355 praesentem

257 2455 266 2489 r
285 2440 417 2492 iustificare
436 2441 474 2492 C*
487 2443 521 2492 H
614 2459 627 2494 a
650 2444 727 2494 etiam
748 2452 773 2495 et
795 2445 864 2510 dign.
887 2445 919 2495 H
1025 2447 1040 2496 8
1060 2447 1187 2511 quondam
1208 2445 1323 2499 c*H*=
1347 2465 1410 2499 corr.

203 2525 314 2590 quodam
414 2539 441 2574 ιι
460 2539 516 2574 eam
532 2539 608 2590 quarn
627 2525 695 2576 CH

236 2695 260 2744 5.
297 2682 352 2732 uolo
366 2682 443 2732 latrias
454 2683 574 2748 paridem]
613 2683 644 2733 In
659 2683 702 2734 the
721 2682 783 2749 long
833 2684 930 2734 bersof
937 2684 979 2736 the
992 2685 1069 2734 Risen
1081 2684 1172 2742 Christ,
1185 2699 1223 2735 we
1233 2701 1275 2735 are
1287 2684 1337 2735 free
1348 2685 1412 2736 from

203 2761 254 2810 and
271 2762 406 2826 important
423 2765 559 2814 discussion
576 2763 658 2814 which
677 2764 782 2821 follows,
834 2765 877 2815 the
896 2765 1002 2830 positive
1019 2773 1133 2830 precepts
1148 2765 1177 2815 of
1190 2765 1233 2814 the
1252 2765 1309 2822 law,
1329 2765 1411 2815 which

205 2843 276 2894 Th's
286 2844 399 2896 doctrine
410 2845 784 2909 ofjustilicationcomesclear·
833 2847 884 2896 will
899 2848 964 2897 have
980 2862 1014 2898 no
1029 2847 1101 2912 place
1118 2847 1143 2896 iu
1161 2848 1203 2896 the
1220 2845 1262 2896 life
1279 2854 1305 2896 to
1321 2862 1412 2908 come3

204 2925 231 2989 ly
248 2926 301 2977 into
320 2927 393 2977 view.
423 2929 478 2978 The
497 2928 620 2993 principa}
639 2929 723 2993 points
742 2945 784 2980 are
833 2928 876 2977 the
898 2928 977 2978 moral
999 2935 1122 2992 precepts,
1141 2927 1224 2976 which
1240 2943 1334 2992 govem
1349 2929 1411 2978 both

205 3009 290 3058 these:
308 3005 342 3073 (t)
355 3009 493 3073 Mortality,
505 3010 587 3059 which
599 3012 620 3060 is
631 3011 740 3061 incident
757 3019 784 3061 to
834 3011 926 3060 worlds
940 3011 1015 3068 alike,
1032 3026 1074 3060 are
1089 3010 1141 3060 still
1157 3017 1184 3058 to
1198 3009 1230 3058 be
1247 3009 1368 3060 observed
1384 3025 1412 3060 ss

205 3089 248 3139 the
259 3097 358 3154 present
368 3089 419 3150 life,
433 3091 454 3140 is
469 3091 513 3140 the
529 3107 616 3142 source
632 3092 662 3142 ol
674 3093 783 3158 passion,
834 3109 850 3142 a
860 3101 917 3158 part
928 3092 958 3143 ol
966 3093 1008 3142 the
1016 3091 1060 3142 life
1070 3091 1100 3142 ol
1107 3093 1150 3141 the
1162 3091 1249 3157 Spirit.

205 3171 326 3235 infirmity
341 3172 390 3221 and
406 3171 512 3236 liability
523 3181 550 3222 to
566 3174 671 3239 change.
700 3173 734 3239 (a)
752 3175 784 3224 In
867 3189 889 3240 9.
920 3173 1039 3236 dubietas]
1089 3173 1128 3224 Cf.
1151 3173 1262 3232 Rdnsch,
1282 3173 1359 3235 Itala,
1384 3190 1408 3239 p.

205 3253 255 3303 this
277 3254 413 3312 condition,
436 3255 495 3304 God
516 3255 562 3305 has
586 3256 698 3306 invested
726 3273 784 3306 man
835 3247 873 3320 54.Ἰ

205 3337 267 3386 with
278 3337 487 3388 reasonandlree
498 3338 558 3396 will,
569 3341 620 3389 aud
632 3341 735 3390 assisted
746 3341 788 3390 his
869 3350 907 3401 17.
962 3335 1114 3386 mortales...
1128 3352 1170 3386 sec.
1210 3343 1294 3400 praes.
1323 3335 1413 3398 uitam]

205 3416 304 3466 natural
314 3433 412 3482 powers
423 3417 448 3467 in
466 3417 508 3468 the
524 3419 611 3469 choice
626 3420 657 3469 of
668 3421 735 3485 good
751 3422 785 3484 by
836 3419 925 3484 Comp.
941 3419 983 3468 the
997 3418 1072 3468 Latin
1084 3418 1170 3483 fragm.
1185 3417 1215 3467 of
1227 3416 1299 3468 Th.'s
1314 3417 1413 3468 treatise

206 3501 250 3550 the
260 3501 416 3564 superadded
428 3501 477 3550 law
487 3501 517 3550 os
525 3499 559 3566 (a)
571 3503 724 3560 conscience,
734 3504 784 3553 and
834 3517 868 3550 on
890 3499 995 3566 original
1017 3500 1056 3550 sin
1078 3499 1184 3566 (Migne,
1208 3513 1344 3562 1005-11‚
1362 3499 1412 3549 and

206 3577 239 3644 (b)
252 3580 396 3630 revelation.
426 3579 460 3646 (3)
473 3581 705 3647 Notwithstanding
716 3583 786 3633 these
834 3585 865 3632 P.
883 3584 913 3632 L
930 3585 972 3644 48,
994 3580 1122 3647 1051—5)‚
1142 3583 1224 3632 where
1242 3582 1292 3632 this
1311 3581 1373 3631 view
1392 3581 1413 3631 is

206 3663 287 3728 helps,
300 3663 494 3712 manisunable
504 3663 531 3711 in
543 3663 592 3713 this
605 3665 648 3714 lise
665 3672 691 3714 to
707 3665 786 3716 attain
834 3662 974 3727 developed
999 3663 1049 3712 and
1077 3661 1246 3712 maintained:
1275 3666 1351 3711 “non
1378 3661 1413 3709 ait

206 3757 234 3797 to
243 3746 335 3811 perfect
345 3747 528 3810 righteousuess
534 3763 542 3806 ς
557 3745 576 3794 it
588 3745 609 3795 is
620 3747 690 3796 tobe
701 3747 786 3796 reach-
835 3745 906 3794 Deus
925 3744 1055 3794 ‘mortales
1073 3744 1157 3800 eritis,'
1176 3743 1220 3794 sed
1238 3750 1313 3795 morte
1330 3744 1413 3793 mm'e·

207 3829 240 3878 ed
258 3828 318 3891 only
337 3828 362 3876 in
381 3828 435 3877 that
452 3827 534 3876 future
553 3835 617 3876 state
639 3828 721 3877 which
744 3829 787 3877 the
836 3828 908 3884 nuiu',
920 3843 1019 3892 prorsus
1030 3827 1191 3877 existentibus
1203 3833 1290 3875 natura
1303 3825 1413 3876 mortali·

208 3909 383 3959 Resurrection
399 3907 429 3958 ol
442 3908 527 3958 Christ
544 3909 589 3958 has
602 3909 724 3968 initiated,
736 3910 786 3959 and
836 3909 882 3959 bus
893 3910 983 3959 inferre
994 3908 1080 3958 mortis
1088 3908 1266 3973 experientiam
1278 3907 1413 3957 commina-

206 3990 238 4041 οἱ
251 3991 333 4040 which
349 4007 388 4040 we
404 3991 502 4041 receive
517 3989 543 4038 in
555 3991 668 4055 Baptism
679 3991 786 4041 theear·
836 3998 876 4040 tus
886 4006 972 4041 ...non
983 3991 1051 4055 quod
1063 3997 1122 4039 tunc
1133 3989 1250 4039 mortales
1261 3989 1355 4048 fierent,
1370 3988 1414 4038 sed

208 4079 264 4120 nest
273 4071 323 4120 aud
335 4069 477 4126 first-fruits,
487 4069 595 4134 through
604 4070 646 4120 the
654 4070 700 4135 gin
707 4071 737 4120 oi
744 4071 787 4121 the
836 4071 904 4135 quod
921 4069 991 4136 digni
1006 4078 1087 4120 essent
1103 4070 1147 4134 qui
1163 4069 1249 4119 mortis
1265 4070 1413 4119 sententiam

210 4153 382 4216 HolyGhost.
412 4150 448 4216 (4)
467 4151 788 4216 Wearejustihed,there·
837 4169 881 4218 per
892 4154 1110 4219 transgressionem
1122 4151 1264 4202 reserrent.”
1298 4157 1414 4201 “certum

208 4233 270 4290 sore,
288 4232 317 4296 by
325 4231 416 4296 saith
437 4232 476 4281 lor
492 4247 537 4281 our
550 4231 712 4295 justification
730 4232 784 4296 (he.
837 4239 874 4282 est
896 4233 963 4282 enim
985 4233 1043 4298 quia
1065 4233 1086 4282 si
1105 4249 1163 4282 eum
1184 4231 1342 4281 inmortalem
1361 4246 1415 4280 esse

207 4331 254 4366 our
268 4316 415 4370 attainment
432 4323 460 4365 to
475 4313 666 4380 righteousness)
684 4315 788 4381 belongs
837 4313 963 4372 uoluisset,
985 4327 1018 4362 ne
1039 4312 1121 4377 ipsum
1139 4312 1241 4376 quidem
1259 4310 1415 4360 intercedens

209 4403 237 4445 to
254 4395 297 4445 the
312 4395 414 4445 domuin
430 4396 460 4444 oi
472 4396 516 4445 the
527 4395 607 4446 future
617 4395 667 4445 and
679 4410 787 4445 unseen:
837 4403 966 4462 peccatum
989 4395 1038 4444 Dei
1060 4395 1207 4445 sententium
1229 4400 1413 4452 commutasset,

208 4477 253 4526 the
263 4477 313 4526 law
323 4486 413 4528 cannot
424 4477 482 4528 lead
499 4484 525 4526 to
542 4477 635 4541 perfect
652 4477 787 4541 righteous·
837 4477 895 4542 quia
922 4491 969 4526 nec
996 4475 1122 4525 diabolum
1147 4475 1205 4526 feeit
1233 4493 1263 4526 err
1291 4474 1416 4524 inmortali

208 4576 274 4617 ncss,
292 4575 340 4610 can
355 4559 415 4624 only
431 4559 562 4609 condemn.
606 4557 640 4623 (5)
657 4560 694 4608 As
710 4573 786 4609 mern·
837 4557 994 4607 mortalem”
