3342 5224
171 449 361 533 11.15‚16.]
576 465 616 514 ΙΝ
641 465 693 516 ΕΡ.
716 466 767 516 Au
790 465 966 518 cusanus.
1333 467 1369 530 31

170 632 290 712 quibus
312 634 414 698 etiam
431 644 465 699 et
488 635 521 696 in
545 633 656 698 sutura
676 655 738 698 nos
758 635 1002 700 continebimus
1019 636 1097 713 uita,
1113 657 1189 700 cum
1206 634 1322 710 multo,
1337 642 1374 696 ut

170 732 220 796 las
245 743 305 812 est,
332 737 444 800 s'tuiiio
471 737 653 819 perfectam
679 737 853 801 caritatem
881 747 915 802 et
940 760 1018 822 erga
1044 738 1217 822 proximos
1239 745 1273 800 et
1296 755 1375 818 erga

171 835 283 901 Deum
314 858 374 901 nos
403 839 527 903 habere
557 841 630 922 ipso
660 860 762 921 opere
792 843 1015 906 ostendentes.
1070 843 1373 925 concupiscentiam

170 951 283 1005 autem
305 951 436 1026 turpem
458 963 566 1024 neque
588 943 621 1006 in
645 963 742 1006 sensu
767 955 881 1009 nostro
904 945 990 1010 ultra
1013 947 1161 1029 accipere
1180 945 1373 1029 poterimus,

170 1066 236 1110 non
253 1045 327 1130 lege
349 1047 495 1128 quadam
519 1054 577 1109 aut
600 1037 851 1111 denuntiatione
873 1049 1041 1132 prohibiti,
1057 1049 1116 1114 sed
1140 1049 1373 1132 cooperatione
1411 1058 1427 1125 5

169 1148 272 1213 solius
301 1152 428 1234 gratiae
458 1149 657 1233 perficientis
687 1151 720 1213 in
751 1171 813 1214 nos
839 1153 952 1216 omnia
981 1173 1068 1234 quae
1097 1173 1172 1216 cum
1200 1152 1315 1216 labore
1339 1159 1374 1214 et

170 1253 291 1318 sudore
306 1253 414 1318 multo
429 1254 488 1316 uix
505 1255 537 1316 in
553 1254 718 1336 praesenti
734 1253 817 1338 legis
833 1256 1019 1319 doctrinam
1042 1266 1220 1339 sequentes
1234 1255 1375 1338 dirigere

170 1380 355 1444 possumus
401 1369 435 1424 et
451 1379 512 1421 nec
526 1358 574 1421 sic
590 1359 632 1422 ad
649 1357 786 1440 plenum
802 1380 823 1422 a
838 1357 961 1423 delicto
977 1379 1153 1442 possumus
1170 1380 1242 1422 esse
1258 1357 1372 1432 securi,

172 1472 306 1546 propter
332 1469 469 1524 naturae
493 1461 729 1525 infirmitatem.
774 1462 933 1544 quoniam
957 1483 1037 1546 ergo
1064 1463 1206 1525 necdum
1236 1463 1270 1525 in
1297 1460 1374 1524 frui-

171 1565 296 1627 tionem
313 1562 496 1625 futurorum
514 1563 678 1626 bonorum
701 1583 788 1644 quae
811 1584 871 1645 per
887 1563 1054 1628 Christum
1072 1565 1169 1627 nobis
1189 1564 1373 1627 extiterunt
1392 1581 1430 1628 10

171 1670 213 1732 ad
233 1665 472 1750 perfectionem
491 1687 605 1731 sumus
624 1667 808 1744 constituti,
831 1665 1014 1749 perfidem
1037 1677 1149 1731 autem
1172 1667 1264 1730 illam
1287 1687 1374 1748 quae

172 1770 303 1833 illorum
319 1779 369 1834 est
385 1789 498 1832 eorum
514 1789 609 1850 spem
625 1777 659 1832 et
674 1770 927 1851 promissionem
950 1771 1165 1853 suscepimus,
1182 1777 1300 1851 utpote
1315 1787 1376 1851 per

172 1870 311 1935 sormam
338 1871 370 1933 in
393 1870 521 1934 hisdem
546 1870 655 1934 effecti
668 1888 676 1946 ;
708 1871 794 1933 iusta
818 1872 944 1935 ratione
967 1871 1024 1936 illa
1046 1893 1132 1955 quae
1152 1871 1274 1936 Christi
1295 1878 1374 1933 sunt

171 1972 235 2036 illis
253 1994 340 2056 quae
363 1975 396 2036 in
419 1973 493 2056 lege
514 1981 591 2037 sunt
613 1992 820 2056 comparans,
840 1973 941 2037 fidem
963 1974 1027 2058 legi
1049 1996 1067 2039 e
1091 1975 1257 2039 contrario
1276 1973 1373 2048 sistit,

170 2099 210 2142 eo
241 2079 330 2160 quod
361 2078 504 2142 necdum
533 2097 642 2141 rerum
673 2076 771 2161 potiti
801 2077 867 2142 fide
897 2079 969 2143 sola
1003 2077 1141 2161 adsequi
1172 2099 1212 2141 ea
1241 2075 1372 2140 interim
1391 2096 1425 2162 ις

171 2180 329 2244 uidemur.
374 2179 438 2244 hoc
460 2179 630 2262 ergo'uult
652 2189 685 2243 et
706 2200 746 2243 eo
764 2179 839 2244 loco
860 2181 979 2258 dicere,
999 2181 1158 2264 quoniam
1179 2176 1372 2262 inpossibile

171 2292 221 2347 est
237 2282 405 2346 iustificari
421 2284 634 2366 exoperibus
650 2283 741 2366 legis
758 2305 798 2347 eo
818 2284 909 2366 quod
931 2304 1044 2348 sumus
1060 2292 1178 2346 natura
1194 2280 1372 2356 mortales;

170 2386 247 2448 licet
277 2383 375 2448 ualde
405 2385 448 2447 ad
478 2387 635 2449 uirtutem
666 2387 890 2469 inspiciamus.
936 2386 995 2449 sed
1022 2394 1059 2449 ut
1085 2385 1282 2468 plerumque
1305 2403 1372 2446 non

171 2507 355 2571 peccemus,
381 2485 472 2550 nullo
497 2489 600 2564 modo
621 2487 690 2551 fieri
715 2497 834 2571 potest.
879 2489 1067 2552 interimere
1085 2489 1173 2551 enim
1194 2487 1257 2550 scit
1282 2487 1373 2549 iusti·

170 2591 252 2653 tiam
268 2590 423 2653 obortum
440 2598 623 2672 peccatum,
640 2588 714 2673 lege
729 2592 998 2672 condempnante
1014 2590 1087 2654 illos
1102 2591 1159 2672 qui
1176 2589 1373 2672 delinquunt
1387 2606 1430 2654 20

170 2707 204 2761 et
220 2717 286 2760 non
310 2695 543 2759 considerante
573 2703 684 2758 utrum
715 2694 821 2758 multa
847 2703 936 2758 recte
966 2703 1103 2777 agentes
1133 2713 1213 2775 erga
1249 2693 1373 2775 exigua

170 2797 387 2880 deliquerint;
418 2796 476 2860 sed
502 2795 575 2859 illos
602 2798 658 2878 qui
689 2818 824 2879 quoquo
854 2797 956 2861 modo
986 2797 1196 2879 deliquerunt
1222 2796 1284 2859 scit
1310 2794 1373 2858 sub

169 2921 278 2982 poena
302 2896 507 2963 concludere.
553 2897 635 2962 haec
665 2908 715 2962 est
743 2899 825 2982 legis
856 2908 983 2975 natura,
1014 2907 1050 2961 ut
1078 2906 1271 2980 peccantem
1301 2897 1372 2960 sine

169 3001 283 3083 aliqua
298 3000 515 3063 excusatione
531 3021 659 3083 poenae
674 3002 825 3066 subiciat
877 3002 1061 3066 necessarie
1082 3002 1189 3083 inquit
1209 2999 1266 3062 illa
1286 3018 1373 3081 quae

170 3123 190 3166 a
214 3102 347 3167 Christo
370 3103 529 3185 praestita
551 3111 629 3166 sunt
652 3103 770 3182 nobis;
803 3103 859 3186 qui
882 3113 917 3166 et
942 3102 1187 3166 consummauit
1210 3101 1266 3165 illa
1286 3119 1372 3182 quae
1387 3119 1425 3186 25

169 3205 308 3269 deerant
323 3206 419 3269 nobis
434 3215 572 3289 propter
592 3216 730 3270 naturae
751 3207 989 3282 infirmitatem,
1005 3227 1092 3288 quae
1115 3208 1216 3270 etiam
1239 3227 1283 3269 ex
1306 3204 1372 3268 fide

170 3308 385 3390 percepimus,
410 3317 444 3370 et
469 3317 642 3390 tamquam
669 3309 703 3372 in
729 3310 793 3373 illis
819 3312 886 3374 iam
909 3331 981 3373 esse
1001 3311 1159 3376 uidemur.
1203 3330 1270 3373 non
1294 3329 1373 3391 ergo

169 3411 293 3474 iustum
324 3421 376 3476 est
401 3411 512 3476 denuo
539 3432 599 3476 nos
623 3413 665 3476 ad
695 3412 804 3495 legem
832 3434 994 3477 recurrere
1021 3434 1066 3477 ex
1090 3432 1157 3495 qua
1187 3413 1268 3476 nihil
1291 3411 1371 3476 lucri

169 3517 342 3599 adquirere
357 3536 543 3598 possumus.
589 3517 648 3580 sed
670 3515 752 3595 haec
768 3517 859 3581 dicta
878 3524 956 3580 sunt
976 3516 1084 3594 latius,
1100 3524 1137 3580 ut
1153 3517 1259 3600 magis
1275 3537 1372 3600 apos-

168 3619 306 3684 tolicum
332 3639 466 3684 sensum
489 3617 673 3701 intelligere
695 3620 870 3702 possimus,
898 3627 932 3682 et
955 3618 1105 3682 maxime
1127 3618 1245 3680 eadem
1272 3638 1372 3681 causa
1387 3643 1429 3706 30

167 3746 235 3808 qua
256 3724 289 3788 in
311 3721 424 3788 multis
444 3723 552 3787 causis
571 3723 629 3786 illa
644 3723 767 3805 exequi
784 3723 817 3786 id
837 3721 1013 3786 uideretur.
1057 3722 1116 3786 sed
1138 3723 1372 3786 recurrendum

166 3825 277 3892 estad
293 3825 501 3908 sequentiam
517 3826 722 3889 narrationis.

233 3929 266 3993 in
304 3929 580 4013 praecedentibus
610 3930 699 3993 enim
730 3927 903 4012 apostolus
934 3951 978 3994 ex
1010 3930 1180 4014 utriusque
1210 3929 1372 4012 qualitate

126 4047 130 4055 “
165 4031 350 4098 secundum
379 4033 665 4114 comparationem
703 4033 851 4098 ostendit
881 4055 996 4098 eorum
1033 4057 1105 4099 esse
1142 4035 1371 4100 differentiam.

166 4136 310 4200 multum
326 4135 570 4218 supereminere
586 4135 741 4200 uidentur
757 4134 820 4199 illis
836 4157 876 4200 ea
895 4156 982 4219 quae
1001 4137 1185 4203 secundum
1203 4136 1372 4204 Christum
1387 4158 1426 4227 35

215 4334 304 4382 5nam
322 4319 494 4383 (fornoum
589 4319 669 4382 7uita
680 4317 999 4385 add(asteriupraes.)H
1091 4319 1120 4371 16
1136 4321 1295 4372 uidenturH
1304 4319 1308 4386 Ι
1323 4339 1374 4387 quo

163 4399 398 4468 (sorquoniamlc
462 4401 769 4467 nooborturn(appy)H
862 4417 892 4454 aa
910 4403 1085 4466 delinquerunt
1104 4402 1207 4464 C*(bis)
1224 4404 1258 4452 H
1295 4405 1373 4454 delin-

69 4493 75 4512 ⁸
162 4484 272 4551 querint,
290 4483 464 4548 delinquerunt
485 4485 507 4533 C
524 4484 597 4542 (cm)
618 4482 659 4547 (cs.
679 4485 788 4543 Rdnsch‚
807 4487 868 4548 2873
887 4485 985 4549 Bensly,
1001 4485 1039 4549 15)
1113 4487 1373 4555 31uiderur-C(corr)

164 4581 193 4630 3²
212 4563 343 4628 sequentis
357 4565 419 4612 CII
