3292 5206
149 391 174 458 1·
194 394 254 478 ιι]

146 600 208 663 pro
223 580 327 656 uobis,
343 580 500 662 quoniam
517 580 637 662 dignos
653 601 714 644 uos
729 601 788 663 per
803 600 898 644 suam
917 579 1141 663 cognitionem
1164 577 1357 644 sanctorum·

147 681 290 764 collegio
316 702 388 745 esse
414 684 650 764 pronuntiauit,
678 703 754 747 cum
775 683 892 746 essetis
915 681 1057 745 alienia
1080 682 1204 764 pietate
1228 691 1262 744 et
1284 677 1358 745 ido-v

148 780 255 848 lorurn
272 785 371 848 eratis
386 785 583 849 sectatores)
606 804 685 848 nam
701 785 793 867 quod
809 786 898 848 dixit
913 784 949 848 ι’τι
964 785 1094 860 lumine,
1110 793 1147 848 ut
1167 784 1258 847 dicat
1278 789 1356 866 ‘per

148 905 244 948 suam
264 887 488 968 cognitionem
501 883 527 964 ;’
552 895 586 950 et
598 887 688 969 quod
704 885 792 951 dixit
806 885 865 968 qui
878 886 994 968 dtgnas
1008 907 1065 949 uas
1078 885 1199 962 habuit,
1215 884 1280 948 hoc
1296 895 1354 960 est,

148 991 281 1074 ‘dignos
293 1011 365 1055 esse
377 990 620 1073 pronuntiauit’
644 989 1091 1074 etquodilludestlucrum?
1115 999 1153 1053 ut
1164 998 1353 1053 sanctorum
1391 999 1407 1066 5

149 1095 329 1177 iungantur
348 1093 498 1176 collegio

518 407 560 458 1n
583 405 636 460 nn.
659 408 711 458 nn
733 405 991 459 conossnnsns.
1290 406 1354 472 259

214 1243 273 1326 qui
289 1243 409 1327 erupuit
428 1265 485 1308 uos
498 1245 538 1308 de
548 1252 704 1328 potestate
720 1246 922 1310 tenebrarum
937 1253 968 1309 et
982 1245 1155 1309 transtulit
1169 1245 1204 1308 in
1220 1263 1355 1326 regnum

141 1345 216 1431 filit
235 1347 385 1412 caritatis
402 1369 486 1414 suae.

215 1485 299 1544 ‘non
329 1481 437 1545 solum
470 1481 600 1565 (inquit)
629 1485 768 1550 abstulit
797 1507 857 1550 uos
884 1488 927 1550 ab
957 1507 1064 1550 errore
1091 1495 1124 1551 et
1153 1487 1354 1550 daemonum

150 1587 308 1668 potentia,
325 1587 384 1650 sed
411 1597 446 1650 et
468 1589 646 1670 participes
667 1611 726 1653 uos
753 1591 981 1672 pronuntiauit
1003 1589 1095 1672 regni
1120 1611 1192 1654 esse
1216 1587 1356 1653 Christi?
1375 1601 1415 1654 10

151 1709 230 1752 nam
256 1691 347 1772 quod
373 1691 455 1755 dicit
484 1691 657 1755 transtulit
685 1693 721 1756 iu
751 1713 887 1776 regnum
907 1692 983 1778 filii
1006 1692 1157 1758 caritatis
1184 1715 1268 1769 strue,
1291 1692 1356 1757 hoc

151 1795 232 1860 dicit
247 1795 333 1859 sicut
353 1804 387 1859 et
405 1796 438 1858 in
462 1793 527 1858 alio
545 1794 639 1860 loco:
660 1795 693 1860 si
704 1797 907 1872 sustinemus,
926 1806 957 1859 et
975 1796 1245 1879 conregnabimus.
1268 1795 1357 1859 unde

152 1900 237 1964 bene
263 1899 342 1981 quia
367 1894 462 1977 †non
483 1899 572 1962 dixit
587 1899 662 1982 filii
675 1907 816 1974 tanturn,
836 1899 896 1962 sed
917 1899 975 1962 filii
998 1897 1148 1962 caritatis
1168 1919 1251 1962 suae.
1297 1916 1358 1962 nec

152 1999 240 2065 enirn
256 2001 435 2085 participes
450 2001 542 2083 regni
559 2001 623 2064 Dei
638 2001 741 2065 Verbi
761 1999 1021 2084 efficimur—qui
1038 2001 1126 2066 enim
1146 1999 1215 2064 fieri
1236 2007 1356 2084 potest,

219 2171 277 2257 οῦκ
307 2187 398 2257 εἶπεν
429 2193 498 2256 τοῦ
527 2188 617 2269 υἱοῦ,
648 2188 741 2254 ἀλλά
769 2191 825 2266 τοῦ
854 2187 919 2266 nio?
948 2197 1005 2255 rite
1029 2187 1150 2264 o’re'nnc
1176 2185 1285 2253 αὐτοῦ·
1321 2183 1359 2252 οῦ
1378 2204 1413 2272 15

154 2291 219 2382 ηῦρ
249 2291 394 2360 κοινωνοὶ
421 2295 478 2375 τῆς
500 2292 679 2374 βασιλείας
700 2296 760 2358 τοῦ
782 2291 859 2359 θεοῦ
879 2291 982 2376 λόγου
1002 2289 1164 2376 ηινόμεθα,
1187 2287 1278 2356 α’λλά
1300 2293 1359 2356 τοῦ

205 2485 215 2520 1
241 2469 394 2534 agnitionem
413 2471 445 2521 H
600 2481 613 2532 7
640 2483 685 2520 uos
707 2469 729 2520 C
747 2469 821 2532 (corr)
836 2467 841 2534 Ι
856 2469 968 2519 trantulit
988 2467 1038 2530 (sic)
1063 2465 1098 2517 C'
1255 2481 1283 2528 14
1309 2479 1360 2530 quo

155 2547 213 2613 (far
228 2551 282 2616 qui)
302 2566 318 2598 r
453 2561 481 2611 15
493 2555 529 2616 sq.
550 2550 626 2601 Coisl.
642 2565 697 2613 σο4,
712 2547 728 2600 t'.
746 2565 792 2613 ¹43
804 2566 819 2599 a
831 2549 883 2612 [Cr.
895 2549 929 2598 vi·
942 2565 998 2611 Ιηοι,
1012 2549 1053 2598 Fr.
1071 2546 1128 2610 141]
1162 2543 1214 2594 ἀλλ’
1235 2543 1248 2594 ὁ
1267 2541 1362 2594 ἀνόσιοι

155 2627 268 2692 θεῦάωροε
284 2629 376 2681 τούτοις
392 2629 620 2693 (ἐπιφθεγγόμενος,
634 2633 675 2680 ἐντι
686 2633 779 2681 σκοπὸν
795 2631 858 2692 ἔχων
874 2627 997 2679 ἐουῦσΐκῶς
1013 2629 1052 2678 nni
1068 2629 1223 2690 βλασφήμων
1239 2621 1282 2676 rui
1297 2627 1362 2676 θείας

44 2773 46 2778 Ι
153 2711 251 2770 mun
267 2707 402 2771 ἑρμηνεύειν
415 2711 459 2760 reis
477 2711 598 2760 ῦειπνῦσατ
615 2713 658 2760 τοῦ
675 2711 777 2772 χριστοῦ
788 2707 833 2770 τὴν
852 2709 966 2770 θεάτητα,
984 2710 1023 2758 καί
1039 2707 1085 2768 τήν
1100 2709 1256 2770 προκειμένην
1272 2707 1361 2767 κρῆσιν

155 2788 229 2840 otrus
245 2791 392 2851 ἐξηγήσατο·
409 2789 451 2840 οὐκ
466 2793 532 2840 εἶπεν
543 2792 646 2855 (φησὶν),
660 2794 735 2841 terh.
818 2787 909 2840 τοῦτων
919 2791 942 2838 τί
954 2788 1032 2848 ἀνείη
1047 2789 1207 2850 ἀσεβέστερον
1219 2787 1268 2837 τοῦς
1279 2789 1362 2847 enun-

155 2869 273 2931 χάνουσιν
290 2871 431 2934 καταλείψω
448 2874 554 2921 σκοπεῖν.
588 2872 627 2922 Cf.
642 2872 719 2922 Coisl.
733 2871 773 2930 26,
785 2873 801 2921 t
815 2885 896 2936 17911,
911 2869 968 2920 ἀλλ’
985 2868 998 2919 ὁ
1015 2867 1107 2919 ἀνάσιοτ
1123 2867 1237 2929 θεάδωρσε
1254 2866 1267 2917 ἀ
1282 2869 1363 2931 μάφου

157 2951 238 3001 lorias
254 2953 406 3015 βλασφήμως
423 2950 565 3014 σιτολογῶν·
583 2951 626 3001 οῦκ
642 2953 709 3001 εἶπεν
723 2953 816 3014 (φησίν,
830 2955 902 3001 terh.
982 2949 1036 3000 ἀλλ’
1050 2949 1064 2998 ὀ
1079 2951 1123 3010 ner
1138 2951 1228 3013 ἐρρέτω
1242 2951 1306 3010 uere
1319 2951 1364 3009 τῆι

157 3035 270 3098 ἀσεβείας
281 3031 367 3083 αὐτοῦ·
383 3033 399 3093 ή
415 3035 442 3082 n
456 3029 558 3093 ἀλήθεια
569 3035 647 3096 ἐχέτω
657 3035 686 3083 τι)
696 3035 803 3098 βέβαιον.

191 3205 214 3254 3.
247 3195 278 3240 ut
302 3190 335 3250 ἀ,
368 3189 424 3254 'per
449 3205 522 3239 suum
549 3187 734 3253 cognitionem]
785 3185 842 3237 The
862 3185 966 3252 parallel
988 3189 1009 3238 is
1031 3190 1125 3252 quoted
1144 3189 1197 3238 also
1219 3189 1254 3253 by
1271 3189 1360 3253 Chrys.

158 3272 232 3323 Cited
260 3273 293 3336 by
322 3271 452 3320 Lansranc.
501 3272 537 3321 So
568 3271 630 3334 Oec.
664 3267 735 3331 (ulter
786 3271 810 3324 u
832 3271 871 3318 eni
899 3270 1013 3331 ἀλλαχοῦ
1039 3271 1131 3331 φησίν),
1157 3269 1208 3318 and
1229 3269 1263 3333 by
1284 3269 1363 3320 Thdt.
1407 3322 1410 3327 ,

158 3352 273 3418 Chrys-l:
289 3353 422 3413 τουτέστω,
437 3354 462 3401 ἐν
471 3353 503 3415 τῇ
513 3353 604 3414 γνώσει
615 3348 658 3400 τοῦ
671 3349 734 3400 θεοῦ.

157 3435 236 3487 Thdt.
251 3443 370 3488 connects
386 3438 412 3486 ἐν
428 3433 464 3497 rui
479 3437 542 3497 φωτί
557 3435 617 3485 with
633 3436 735 3497 πλήρους

157 3517 278 3568 κοινωνοῦν
293 3514 415 3578 ἀπέφηνεν
431 3518 475 3566 τοῦ
491 3513 539 3565 τῦν
555 3516 631 3578 ἀγίων
649 3515 735 3577 porte

157 3597 214 3648 The
225 3597 414 3662 interpretation
427 3598 501 3662 given
517 3603 544 3646 to
558 3597 595 3658 τῷ
607 3598 667 3645 hur.
681 3595 737 3660 (ἀι.

157 3681 193 3742 τῦ
203 3677 283 3740 ἀξίους
293 3679 354 3740 huis
365 3679 532 3741 ἀποφήναντι)
545 3681 567 3728 is
578 3679 737 3743 inadequate-

159 3763 250 3826 Comp·
263 3761 367 3826 Chrys.=
385 3759 412 3811 οῦ
427 3763 499 3820 μόνον
516 3761 573 3822 ήμΐν
587 3762 674 3810 ἔδωκεν
692 3759 737 3820 τήν

158 3843 240 3900 τιμήν,
252 3838 319 3890 ἀλλά
329 3843 369 3889 sel
385 3843 524 3904 ἐσχυροῦε
538 3843 597 3904 πράι
610 3841 639 3890 τῦ
654 3843 739 3904 λαβεῦ

158 3923 279 3982 ἐποίησεν.
313 3923 424 3987 'snphts
442 3923 619 3981 διπλασιασμὸν
629 3923 655 3971 δέ
667 3921 738 3981 rupeis

158 4001 188 4054 τῦ
207 4005 248 4054 καί
270 4004 452 4064 ἐπιτηδείους
475 4001 657 4054 ιιιιτιισκευάσιιι
678 4003 738 4065 πρός

159 4089 205 4149 τὴν
216 4085 314 4148 δωρεάν.

193 4185 217 4235 9.
251 4185 301 4218 non
330 4169 519 4218 solum......sed
542 4176 573 4226 rt,
598 4168 656 4230 διο]
696 4167 737 4217 Cl.

161 4251 263 4314 Chrys-t
283 4251 348 4314 μέηιι
362 4253 405 4311 μὲν
422 4250 464 4300 οῦν
481 4253 520 4300 καί
537 4249 566 4299 τῦ
581 4252 624 4299 τοῦ
641 4251 740 4300 urorum

161 4335 311 4394 ἀπσλλάξαι·
328 4335 358 4383 τὸ
369 4335 395 4383 δέ
406 4337 447 4383 sul
459 4336 491 4384 ele
501 4336 631 4398 βασιλείαν
640 4335 739 4395 είσιιγσ-

160 4417 213 4477 ηεῑν
224 4414 311 4476 πολλιῦ
319 4416 409 4480 μεῖζον.

199 4509 236 4542 ιε.
262 4495 289 4543 in
308 4496 359 4544 ulra
376 4494 433 4556 laco]
468 4495 561 4545 ιΤίιιι.
573 4495 599 4544 ii.
615 4511 643 4546 ιν
656 4497 690 4561 (q.
704 4497 739 4558 v.)

786 3351 869 3411 (τοῦτο
895 3353 935 3400 tul
962 3353 989 3399 ἐν
1010 3367 1042 3412 τη
1070 3352 1129 3413 πρὸς
1156 3350 1272 3410 Τιμόθεον
1294 3353 1363 3412 ἔφη).

786 3433 826 3483 Dr
845 3433 934 3498 Jacobi
957 3434 1043 3484 denies
1070 3433 1125 3483 thet
1153 3435 1196 3484 the
1219 3434 1301 3484 words
1321 3435 1365 3485 loc

785 3514 944 3564 dicu-unde
964 3515 1020 3564 hene
1041 3515 1103 3580 quia
1130 3529 1173 3565 ure
1197 3515 1361 3576 Theodore's,

788 3597 877 3662 urging
894 3597 948 3646 that
968 3597 1027 3660 they
1043 3596 1121 3646 break
1139 3596 1182 3647 the
1199 3611 1322 3662 sequence
1338 3595 1369 3647 of

787 3679 830 3729 the
852 3679 967 3743 thought.
1002 3679 1050 3729 But
1078 3675 1151 3728 their'
1170 3695 1317 3730 occurrence
1339 3679 1365 3729 in

788 3759 850 3810 both
867 3761 944 3810 MSS.
961 3759 989 3810 ol
1002 3760 1045 3810 the
1060 3759 1135 3810 Latin
1150 3761 1249 3810 version
1265 3776 1293 3810 es
1307 3759 1365 3810 well

787 3857 815 3892 as
826 3843 852 3892 in
861 3841 936 3903 Rae„
947 3841 1030 3892 leaves
1040 3842 1105 3892 little
1116 3858 1187 3892 roorn
1196 3841 1234 3892 sor
1242 3842 1367 3906 doubting

787 3924 853 3974 their
879 3925 1051 3988 genuineness.
1088 3925 1144 3974 Tine
1165 3926 1305 3975 connexion
1329 3925 1364 3976 is:

791 4007 859 4056 ιΟιιτ
882 4007 1030 4056 translation
1052 4005 1106 4055 into
1128 4005 1171 4055 the
1190 4005 1320 4071 Kingdom
1341 4007 1371 4058 os

788 4088 831 4142 the
847 4089 900 4139 Son
917 4103 1004 4139 means
1020 4103 1067 4138 our
1083 4088 1259 4153 participetion
1274 4089 1300 4136 in
1317 4089 1367 4138 His

788 4167 870 4218 future
891 4169 969 4233 reign.
1006 4169 1096 4218 Hence
1124 4169 1166 4218 the
1191 4168 1318 4233 propriety
1340 4169 1370 4218 os

789 4249 832 4299 the
848 4250 988 4315 qualiiying
1006 4250 1088 4300 words
1107 4251 1150 4309 τῆι
1167 4251 1265 4312 ἀγάπητ
1282 4253 1363 4310 αὐτοῦ,

788 4332 871 4381 which
891 4331 956 4382 limit
978 4331 1020 4383 the
1040 4331 1164 4383 reference
1183 4340 1210 4382 to
1232 4333 1275 4382 the
1297 4333 1367 4384 homo

789 4412 929 4477 ινσερυιτ)

826 4511 862 4556 14.
887 4496 932 4560 qui
940 4497 1075 4561 enimfieri
1084 4503 1168 4562 potest,
1180 4497 1239 4559 lte]
1263 4497 1367 4562 Jacobit

1178 4609 1279 4674 17—2
