3332 5210
164 443 346 528 1.·11,1.2.]
576 459 616 508 ru
643 460 693 510 aa.
715 461 769 522 un
793 455 977 513 anuasros.
1316 464 1371 529 131

165 634 276 698 cuncti
307 631 437 698 n'e'cnon
465 633 743 699 et'rationabiles
773 627 912 700 uirtutes
938 636 980 701 ad
1008 627 1105 700 illum'
1128 625 1320 721 inspiciant,
1338 647 1375 702 ut

164 731 221 796 sas,
231 735 347 818 exigit,
363 744 397 798 et
411 737 624 799 concordiam
642 736 728 800 inter
742 757 778 800 se
794 757 978 820 pacemque
994 737 1123 804 firmam
1140 728 1331 802 obtineant?

230 847 265 902 et
286 838 401 901 dicens
423 839 491 902 duo
507 837 562 902 illa
585 859 671 921 quae
691 861 714 904 a
738 839 871 904 Christo
894 851 972 904 sunt
994 841 1092 917 sacta,
1107 861 1211 904 unum
1235 831 1372 923 quidem

164 936 254 1017 quod
271 938 441 1020 proprium
454 949 508 1003 est
523 940 628 1016 nobis,
639 940 778 1005 alterum
795 962 875 1006 uero
890 943 980 1024 quod
997 943 1031 1006 in
1047 963 1225 1006 commune
1238 943 1374 1019 bonum,

164 1040 288 1104 adicit:
1409 1051 1425 1118 5
1526 1065 1532 1079 ·

230 1179 267 1244 in
291 1203 352 1264 quo
373 1194 406 1247 et
429 1195 513 1248 sorte
534 1187 702 1252 comtituti
721 1208 841 1264 sumus,
860 1187 1089 1271 proeordinati
1109 1189 1280 1252 secundum
1298 1199 1373 1270 pro-

156 1279 301 1360 positum
318 1283 395 1361 eius,
409 1285 468 1366 qui
488 1286 524 1349 in
543 1289 653 1351 omnia
675 1288 862 1370 inoperatur
879 1289 1049 1352 secundm
1071 1290 1238 1354 consilium
1261 1291 1373 1354 uolun-

164 1386 244 1449 tatis
271 1408 372 1463 suae,·
409 1399 447 1451 ut
472 1389 578 1452 simus
607 1391 643 1454 in
672 1391 800 1454 laudem
820 1393 953 1476 gloriae
980 1393 1050 1456 eutr
1078 1415 1135 1457 nos
1159 1393 1271 1476 quiet
1297 1403 1373 1457 ante

163 1490 366 1572 sperauimus
380 1491 416 1554 in
433 1489 568 1556 Christe.

231 1631 504 1711 praecedentibus
529 1631 610 1696 illud
634 1634 788 1710 reddidit,
811 1631 876 1697 hoc
898 1635 1021 1709 dicem,
1042 1635 1200 1717 quoniam
1225 1636 1276 1700 ‘in
1298 1650 1374 1699 om·‘
1388 1655 1427 1702 10

166 1731 263 1794 nibus
285 1732 337 1796 his
359 1734 456 1797 bonis
479 1746 512 1799 et
536 1756 598 1800 nos
620 1737 730 1800 uocati
754 1757 876 1812 sumus,
899 1738 978 1800 olim
1002 1739 1036 1802 in
1059 1739 1161 1802 hoca
1182 1739 1257 1802 Deo
1278 1761 1371 1822 prae·

165 1836 327 1903 ordinati?
371 1839 487 1902 uolens
502 1841 591 1903 enim
607 1841 698 1904 omni
715 1861 759 1904 ex
781 1852 876 1922 parte
897 1840 951 1904 illa
972 1841 1140 1918 extollere,
1155 1844 1244 1924 quod
1266 1843 1372 1907 multo

166 1943 268 2024 digna
280 1952 357 2005 sunt
366 1943 546 2023 gratiarum
560 1945 707 2019 actioniS,
723 1943 910 2026 frequenter
921 1945 1002 2009 dicit
1004 1943 1329 2027 praeoratnatione'm,
1338 1953 1373 2012 et

166 2047 282 2111 bonum
290 2047 458 2136 placitum,
475 2057 509 2111 et
524 2048 730 2124 uoluntatem,
744 2048 886 2130 gratiam
903 2047 994 2111 illam
1015 2048 1231 2113 deliberatam
1248 2050 1372 2114 docens
1418 2113 1419 2118 ,
1466 2124 1470 2131 Ι

166 2157 200 2212 et
215 2147 467 2227 liberalitatem;
491 2149 575 2213 sicut
591 2159 624 2213 et
640 2150 887 2232 praeordinauit
903 2159 935 2212 et
958 2149 1063 2213 uoluit
1085 2151 1140 2214 ssla
1152 2171 1242 2233 quae
1256 2171 1371 2215 secun·
1389 2170 1424 2236 15

165 2252 246 2316 dum
263 2273 325 2316 nos
345 2253 392 2316 sic
414 2252 530 2330 iacere,
546 2253 627 2317 nihil
649 2254 745 2317 nobis
765 2252 1011 2316 conferentibus
1030 2253 1074 2317 de
1096 2255 1229 2336 proprio
1248 2265 1372 2318 nostro

165 2354 251 2417 bene
274 2364 386 2417 autem
409 2355 518 2418 dixit:
539 2355 597 2436 qui
617 2364 743 2419 etanta
767 2354 969 2438 sperauimus
991 2353 1026 2418 in
1050 2353 1204 2431 Clarium·
1227 2365 1265 2420 ut
1282 2358 1372 2421 dicat

165 2455 325 2537 quoniam
349 2455 487 2520 ‘horum
512 2457 661 2520 maxime
686 2457 849 2520 bonorum
879 2457 1002 2538 adepti,
1029 2477 1129 2520 causa
1155 2456 1201 2520 ssti
1231 2458 1372 2521 demira-

165 2557 266 2621 tionis
289 2558 419 2633 erimus,
450 2558 495 2620 ob
524 2578 598 2622 eam
625 2579 726 2641 quam
757 2578 835 2640 erga
865 2577 926 2620 nos
953 2557 1105 2622 exhibuit
1128 2557 1373 2634 liberalitatem,

165 2663 222 2746 qui
253 2673 287 2728 et
316 2671 395 2727 ante
424 2661 553 2726 exitum
583 2663 630 2726 rei
661 2663 862 2726 credidimus
893 2659 1036 2738 Christo,
1066 2671 1100 2726 et
1129 2662 1247 2726 dehis
1277 2682 1371 2744 spem
1386 2684 1428 2734 20

165 2763 371 2847 accepimus!
416 2785 484 2828 non
509 2765 607 2840 enim,
631 2765 717 2828 sicut
745 2765 883 2847 quidam
914 2764 1200 2842 existimauerunt,
1231 2784 1288 2827 eos
1315 2764 1372 2846 qui
1424 2754 1427 2760 ’

165 2877 199 2932 et
229 2878 308 2933 ante
337 2877 553 2952 sperauerant
581 2867 671 2944 dicit,
700 2866 764 2930 hoc
785 2876 847 2943 est,
871 2867 946 2930 illos
971 2869 1028 2949 qui
1053 2877 1133 2931 tunc
1162 2868 1373 2932 crediderunt

165 2981 345 3054 antequam
372 2971 472 3034 ceteri
503 2971 537 3046 in
560 2969 750 3034 nouissimis
775 2969 946 3032 crederent
976 2961 1189 3052 temporibus.
1231 2969 1372 3033 stultum

164 3085 217 3140 est
239 3076 328 3139 enim
351 3075 528 3139 aestimare
550 3094 629 3156 erga
651 3073 725 3136 illos
748 3071 836 3136 solos
859 3071 929 3136 lieri
953 3072 1008 3138 ssta
1028 3073 1118 3137 bona
1140 3094 1228 3156 quae
1251 3095 1373 3158 expec-

163 3184 286 3254 tantur,
303 3185 336 3240 et
358 3177 401 3241 ad
423 3176 558 3240 laudem
580 3175 707 3258 gloriae
733 3175 798 3239 Dei
821 3173 910 3237 solos
934 3174 1008 3238 rll'os
1031 3174 1216 3258 pertinere3
1239 3195 1315 3240 cum
1339 3175 1372 3240 in
1387 3197 1425 3264 ²5

163 3297 342 3341 commune
357 3279 512 3342 omnibus
529 3277 586 3360 qui
609 3297 715 3361 usque
737 3276 779 3339 ad
799 3277 1123 3340 consummationem
1137 3277 1261 3341 saeculi
1278 3289 1375 3342 erunt

165 3377 288 3442 Christi
314 3380 451 3444 donatio
477 3379 649 3462 proposita
672 3399 745 3442 esse
769 3378 929 3442 uideatur.
974 3397 1053 3441 nam
1082 3378 1173 3460 quod
1200 3378 1290 3443 dixit
1315 3379 1374 3460 qui

162 3491 239 3544 ante
258 3480 469 3564 sperauimus‚
491 3481 526 3545 in
549 3481 799 3563 comparatione
822 3479 1066 3543 incredulorum
1094 3479 1195 3558 dicit;
1222 3489 1259 3543 ut
1282 3481 1374 3544 dicat

164 3582 239 3645 illos
263 3584 319 3665 qui
346 3593 424 3648 ante
445 3585 574 3648 exitum
596 3583 652 3661 rei,
668 3603 727 3666 per
749 3580 840 3644 illam
863 3579 964 3644 tidem
988 3601 1073 3663 quae
1097 3581 1132 3644 io
1159 3580 1293 3646 Christo
1314 3591 1373 3658 est,

214 3775 230 3818 4
246 3755 295 3806 illis
307 3755 361 3820 (bes
365 3755 447 3818 nobis)
458 3755 564 3806 addH'
637 3753 654 3804 6
677 3752 844 3820 praepositum
856 3751 891 3802 H
972 3767 1002 3804 ro
1026 3757 1063 3802 ert
1075 3739 1127 3816 (ies
1131 3751 1227 3812 dicens)
1239 3749 1291 3800 add
1301 3749 1335 3800 C'
1347 3739 1382 3800 H

168 3851 196 3899 ¹3
214 3836 323 3885 actiones
337 3835 408 3886 (ΡΗ
424 3835 558 3888 actioneC
568 3832 642 3898 (um)
745 3844 773 3894 τε
787 3832 826 3882 sic
839 3831 974 3898 threicutl
986 3831 1020 3880 H
1120 3829 1153 3880 τό
1168 3829 1253 3880 sicum
1269 3831 1291 3878 C
1301 3827 1374 3894 (corr)

168 3929 195 3979 ιτ
213 3916 435 3966 benedixitautem
446 3916 509 3966 dixit
520 3915 566 3966 H'
661 3931 694 3965 ro
709 3914 837 3964 Christum
849 3914 883 3963 H
977 3928 1009 3973 τι,
1025 3911 1092 3962 enim
1104 3920 1141 3961 est
1153 3911 1178 3960 C
1269 3923 1299 3971 25
1318 3919 1376 3958 cunr

165 4011 206 4045 om
217 3997 251 4046 H
336 3997 367 4048 26
385 4007 410 4048 et
422 3999 479 4062 (sor
489 3999 570 4059 emm)
582 3998 617 4047 H

198 4171 221 4222 7.
256 4160 341 4225 quiin
352 4161 438 4212 omnia
452 4160 532 4226 imp]
554 4161 598 4210 τοῦ
615 4161 646 4210 τὰ
663 4159 745 4210 πάντα
793 4158 924 4223 lieversto
939 4157 982 4208 the
997 4157 1047 4208 end
1061 4155 1090 4206 oi
1105 4152 1183 4216 time,’
1199 4153 1319 4220 rejecting
1332 4153 1376 4202 the

164 4233 323 4302 ἐνεργοῦντος.
358 4240 444 4304 Vulg,
461 4239 695 4306 “‘qutomniaopfi
793 4241 934 4306 exposition
956 4240 1038 4290 which
1065 4237 1216 4289 understood
1243 4235 1300 4285 ‘the
1322 4234 1375 4285 first

201 4335 238 4372 ια.
274 4321 698 4384 uolens...1utunratm]1,anfranc,
711 4321 744 4370 R.
794 4323 940 4386 generation
967 4321 996 4372 oi
1026 4317 1183 4369 Christiana.⁸
1223 4317 1262 4367 Cf.
1301 4316 1372 4375 Oce..

164 4403 195 4452 oi
203 4403 234 4452 B.
795 4403 921 4452 τουτέστιν
931 4402 985 4451 τοὺς
996 4401 1109 4449 tumuit:
1126 4399 1176 4449 and
1188 4396 1295 4463 Thpht.,
1306 4401 1378 4446 more

198 4499 239 4534 or·
272 4485 399 4536 nonenim
410 4485 592 4552 sicutquidam,
607 4483 664 4547 dte]
694 4484 744 4534 Th.
798 4483 934 4547 distinctly,
953 4485 1008 4533 τοὺς
1027 4479 1115 4544 τρῑτῆ
1137 4480 1229 4539 ἐπιστῇ
1248 4477 1262 4528 ὁ
1279 4479 1376 4537 μέλλων

165 4564 369 4630 interpretareris
389 4566 571 4632 προηλπικότας
587 4567 616 4616 ol
638 4566 684 4616 ‘all
707 4567 748 4615 be·
799 4567 859 4614 αἰὼν
881 4565 1021 4628 ἐλπίζοντας
1042 4559 1074 4610 τὰ
1096 4559 1155 4609 τότε
1176 4559 1233 4619 ἡμῖν
1254 4555 1364 4616 ἐσόμενα.

1198 4674 1284 4739 9-2
