3340 5232
271 369 330 447 158
599 379 827 430 ruuouonus
852 377 1142 429 MOPSUESTENUS
1323 361 1400 444 [ΙΙΙ.
1422 377 1469 440 13.

267 568 326 630 per
351 547 529 622 Christum,
556 548 602 611 ita
628 557 665 610 ut
692 568 753 610 nec
777 547 981 630 principatus
1009 566 1069 609 nec
1095 555 1278 627 potestates
1307 543 1356 634 (ut
1380 543 1472 606 dicat

266 650 465 714 ‘inuisibiles
488 649 651 732 uirtutes’)
676 651 863 732 potuissent
892 651 1046 732 primitus
1076 650 1159 711 scire
1186 647 1242 711 illa
1266 669 1352 731 quae
1376 659 1472 712 erant

266 751 391 830 futura;
414 772 500 834 quae
522 773 599 816 uere
620 754 891 836 recognouissent
914 773 1037 816 nouam
1053 763 1086 816 et
1101 735 1280 834 gloriosam
1299 754 1362 815 Dei
1383 754 1471 835 sapi-

266 855 390 916 entiam
417 855 461 916 de
486 853 538 916 his
564 875 649 936 quae
667 855 793 918 dudum
814 855 860 916 illi
879 864 912 917 et
933 864 1010 917 ante
1031 853 1162 916 saecula
1183 853 1312 916 fuerant
1338 853 1470 935 placita,

235 980 250 1045 5
267 978 355 1020 nunc
370 978 448 1020 uero
464 957 676 1022 manifestata
692 979 751 1040 per
766 958 821 1020 illa
833 977 919 1040 quae
934 977 1013 1038 erga
1028 956 1201 1019 ecclesiam
1213 956 1300 1019 facta
1312 964 1473 1018 sunt-ut

266 1062 356 1124 dicat
371 1065 462 1142 ‘erga
478 1058 609 1137 fideles,’
625 1062 681 1142 qui
697 1082 755 1143 per
771 1061 870 1124 fidem
887 1061 1009 1136 nouati,
1021 1070 1054 1123 et
1067 1059 1250 1125 futurorum
1262 1081 1356 1142 spem
1369 1061 1471 1124 susci-

267 1165 396 1246 pientes
412 1163 600 1244 perfectam,
617 1163 785 1226 offerimus
800 1184 875 1226 cum
899 1164 1004 1226 multa
1025 1163 1227 1226 confidentia
1248 1165 1331 1240 Deo,
1353 1175 1471 1247 utpote

267 1266 322 1345 qui
346 1275 380 1328 et
398 1284 521 1346 magna
544 1265 690 1345 quadam
712 1265 832 1329 fiducia
852 1265 1100 1328 constituemur.
1145 1275 1179 1328 et
1197 1264 1304 1346 qualis
1325 1275 1375 1328 est
1394 1264 1471 1328 illa?

266 1366 342 1430 talis
365 1387 451 1449 quae
471 1367 537 1428 iam
557 1364 642 1430 ultra
660 1388 797 1450 peccare
816 1388 877 1430 nos
893 1387 959 1430 non
975 1369 1107 1449 patitur,
1125 1388 1231 1450 neque
1247 1369 1289 1432 ab
1306 1367 1369 1432 illis
1384 1390 1471 1451 quae

216 1487 255 1535 ιο
267 1487 328 1528 nos
343 1468 463 1531 decent
478 1466 640 1530 excedere
656 1489 716 1531 nos
732 1468 818 1531 ultra
834 1469 929 1532 sinat.

309 1565 413 1630 *haec
439 1566 552 1629 omnia
578 1566 739 1632 interiecit
765 1569 807 1631 ad
834 1568 913 1631 illud
941 1571 1030 1651 quod
1055 1570 1159 1633 dixit:
1190 1570 1319 1633 Paulus
1343 1570 1473 1633 uinctus

185 1699 187 1706 ·
257 1675 322 1747 pro
337 1668 426 1731 uobis
434 1665 593 1751 gentibus.
638 1679 672 1732 et
687 1670 780 1751 quasi
797 1669 996 1733 confirmans
1012 1670 1091 1733 illud
1108 1671 1224 1745 adicit:

324 1822 457 1894 propter
475 1818 561 1898 quod
570 1815 696 1899 postulo
723 1835 785 1878 non
810 1813 938 1898 deficere
963 1815 998 1878 in
1023 1813 1287 1878 tribulationibus
1309 1813 1390 1877 meis
1406 1823 1472 1894 pro

267 1916 363 1992 uobis,
379 1939 460 1999 quae
473 1930 521 1982 est
528 1920 640 2002 gloria
655 1928 771 1982 uestra.

216 2047 251 2114 15
334 2032 406 2109 ‘pro
424 2029 476 2092 his
496 2052 576 2113 ergo
597 2051 663 2093 non
683 2030 789 2092 solum
809 2029 944 2112 gauisus
967 2049 1040 2090 sum
1062 2028 1219 2109 quoniam
1241 2027 1371 2089 uinctus
1387 2046 1470 2102 sum,

267 2132 326 2193 sed
342 2141 375 2194 et
391 2152 449 2195 oro
464 2144 501 2197 ut
517 2155 583 2197 non
599 2135 716 2196 cedam
732 2132 796 2196 illis
811 2152 897 2214 quae
912 2151 971 2214 pro
987 2130 1082 2193 uobis
1098 2140 1175 2192 sunt
1187 2129 1471 2204 tribulationibus;

267 2237 373 2298 sciens
399 2239 557 2318 quoniam
579 2248 724 2300 uestrum
746 2247 797 2300 est
815 2233 950 2309 lucrum,
971 2233 998 2295 si
1020 2253 1099 2315 ergo
1117 2233 1288 2314 passiones
1304 2231 1470 2294 sustinens

266 2337 459 2415 tolerauer0,
475 2359 542 2403 non
558 2340 732 2403 discedens
747 2338 790 2401 ab
807 2337 870 2400 illis
889 2357 974 2418 quae
994 2335 1213 2398 conueniunt!
1258 2345 1292 2398 et
1311 2334 1469 2416 quoniam

267 2441 380 2504 omnia
395 2441 457 2504 ista
473 2442 515 2504 ad
533 2442 612 2505 illud
628 2441 739 2504 retulit
754 2441 842 2523 quod
859 2441 999 2514 dixerat,
1015 2439 1144 2501 Paulus
1158 2439 1285 2500 uinctus
1296 2449 1360 2519 pro
1382 2438 1474 2502 uobis

316 2599 521 2664 3cognouissent
537 2601 571 2650 H
706 2597 802 2662 5facta
819 2604 855 2646 est
872 2595 1008 2658 [ἐγένετοῖ]
1027 2597 1089 2645 CH
1200 2593 1215 2644 6
1232 2594 1343 2646 renouati
1363 2593 1473 2660 C(corr)

269 2681 481 2744 7persectumH
584 2680 826 2746 flfiduciaquadam
836 2677 887 2728 H·-
994 2691 1024 2726 ιο
1040 2677 1122 2726 sinaut
1136 2676 1198 2725 CH
1302 2691 1330 2736 14
1348 2691 1403 2723 mea
1414 2677 1422 2736 (
1425 2675 1474 2738 sor

267 2763 404 2822 uestra)H
488 2775 517 2825 15
533 2763 615 2828 gravis
627 2763 801 2828 (sorgauisus)
816 2757 942 2824 C'lsum
955 2758 999 2822 (1⁰)
1012 2758 1128 2808 oanH
1137 2756 1210 2820 (corr)
1315 2755 1344 2806 16
1361 2773 1404 2806 ero
1417 2757 1474 2821 [sor

267 2841 321 2908 oro)
333 2844 367 2893 H
462 2845 491 2894 1⁸
508 2860 559 2894 non
570 2845 703 2894 discedetis
713 2843 806 2893 abillis
818 2857 882 2907 quae
893 2841 965 2890 uobis
977 2856 1049 2890 conu.
1065 2841 1086 2890 C
1097 2837 1171 2903 (corr)

302 2997 323 3029 1.
354 2979 391 3029 ala
402 2987 431 3029 ut
441 2995 484 3030 nec
489 2981 656 3045 princepum,
668 2979 725 3041 lto]
751 2979 841 3028 Thdt:
893 2977 938 3026 but
950 2992 974 3024 v.
989 2975 1104 3038 13refers
1118 2975 1183 3024 back
1195 2983 1222 3025 to
1236 2975 1355 3034 όδέσμιος
1365 2975 1395 3025 of
1406 2993 1428 3026 v.
1447 2993 1467 3036 ι,

268 3061 321 3109 οὐδὲ
342 3059 392 3122 γάρ
414 3062 440 3109 al
459 3057 558 3122 liparus
580 3061 687 3120 δυνάμεις
710 3057 797 3121 ᾔδεσαν
814 3057 843 3107 rd
892 3059 941 3107 and
954 3075 982 3108 so
994 3073 1110 3122 prepares
1122 3058 1160 3106 for
1169 3057 1211 3107 the
1224 3059 1384 3122 resumption
1406 3059 1470 3108 Len·

267 3140 406 3202 μυστήριον,
430 3139 496 3187 ἀλλὰ
518 3137 557 3188 διὰ
583 3139 627 3199 τῆπ
653 3141 709 3200 περὶ
734 3139 779 3198 τήν
804 3140 842 3187 ἐκ·
893 3142 961 3191 franc
988 3141 1049 3190 cites
1076 3140 1126 3190 this
1154 3141 1237 3190 clause
1268 3140 1294 3190 in
1323 3140 1365 3190 the
1392 3141 1471 3198 form;

268 3223 372 3280 κληαὶαν
394 3223 523 3280 mammas
540 3218 585 3280 τήν
604 3222 706 3282 ἄρρητον
723 3219 768 3268 τοῦ
787 3221 843 3268 θεοῦ
897 3223 1007 3272 “omnia
1022 3223 1143 3272 interiecit
1156 3224 1189 3272 ab
1200 3239 1239 3283 co,
1254 3223 1352 3272 Paulus
1363 3223 1469 3284 uinctus,

269 3303 360 3362 σοφίαν
371 3304 516 3362 κατέμαθον.
893 3321 972 3369 usque
983 3307 1014 3354 ad
1026 3305 1081 3363 hoc,
1092 3313 1193 3369 propter
1202 3306 1268 3369 quod
1271 3304 1353 3369 peto.”

302 3399 324 3446 3.
342 3381 844 3446 recogrrouissmthsapparentlyaslipon
929 3398 967 3448 13.
1000 3401 1051 3433 non
1062 3384 1165 3449 deficere]
1189 3385 1269 3434 Pitra:
1290 3385 1404 3450 “Vulga
1415 3393 1472 3449 pero

268 3464 410 3528 thepartof
415 3463 457 3512 the
465 3463 641 3513 translatorfor
649 3470 843 3527 recognouerant.
894 3481 925 3515 ne
942 3465 1066 3528 deficiatis.
1104 3465 1180 3514 Unde
1201 3465 1369 3528 Hieronymus
1390 3465 1427 3512 ad
1442 3465 1469 3516 Ιν.

303 3555 326 3604 7.
359 3541 700 3605 offerimus1=rpoaptpouem
737 3542 785 3591 Th.
798 3557 842 3591 un·
892 3548 925 3596 L:
945 3547 986 3595 ‘id
1004 3545 1071 3611 quod
1090 3563 1155 3595 nunc
1175 3547 1265 3595 latintts
1283 3546 1414 3595 translator
1429 3561 1471 3595 ex·

269 3623 400 3673 derstands
427 3627 515 3685 ἔχομεν
540 3625 785 3686 τὴν..,πραοαγαηήν
815 3640 843 3674 as
892 3626 989 3689 pressit,
1012 3642 1043 3674 ne
1060 3625 1183 3688 definistis,
1201 3633 1283 3690 potest
1301 3625 1373 3689 juxta
1388 3625 1472 3689 graeci

269 3703 362 3767 having
376 3703 469 3768 special
484 3703 608 3754 reference
623 3711 649 3753 to
664 3705 707 3753 the
723 3705 847 3754 accessos
892 3707 1012 3758 sermonis
1033 3705 1222 3769 ambiguitatem
1246 3713 1271 3755 et
1291 3707 1326 3756 ita
1345 3706 1409 3770 legi:
1440 3723 1472 3756 ne

269 3785 407 3835 Christiana
419 3793 444 3835 to
457 3786 515 3836 God
526 3786 552 3834 in
565 3786 607 3834 the
619 3785 690 3849 Holy
702 3785 841 3849 Mysteries.
892 3789 1002 3854 defiriam
1011 3786 1118 3837 ’...hunc
1136 3803 1235 3838 sensum
1259 3789 1374 3849 Hieron,
1396 3805 1472 3854 quem

270 3869 338 3917 Pitra
364 3869 444 3932 priuts
470 3867 604 3932 offerimm,
633 3867 716 3916 which
739 3868 843 3917 accords
893 3870 1016 3934 potiorem
1026 3867 1113 3917 habuit
1131 3867 1256 3931 praeclare
1270 3869 1387 3933 exponit;
1403 3884 1472 3918 eum·

269 3950 329 3998 with
341 3947 439 3998 Thdt.’s
450 3949 630 4010 προπήχθημεν,
643 3948 688 3997 but
703 3947 724 3996 is
739 3947 843 3997 without
894 3950 1001 4014 demque
1017 3956 1042 3998 et
1062 3949 1162 3998 Hilario
1173 3949 1199 4011 [i.
1207 3965 1229 3998 e.
1245 3949 1389 4010 Theodoro]
1402 3965 1471 4014 prae·

269 4033 326 4082 MS.
338 4031 471 4096 authority.
894 4031 1016 4102 placuisse
1027 4031 1105 4095 liquet
1116 4047 1147 4079 ex
1161 4029 1199 4079 his
1211 4046 1275 4095 quae
1291 4046 1350 4079 mox
1366 4046 1472 4094 sequun-

301 4114 325 4162 ⁸.
358 4111 542 4173 emetiamur]
576 4112 611 4162 So
633 4111 677 4161 the
698 4111 844 4160 MSS.—an
895 4119 948 4160 tur:
965 4113 1189 4160 sedetoroutnon
1202 4111 1283 4159 cedam
1295 4109 1359 4160 &e.”
1392 4111 1470 4160 Thdt.

267 4211 343 4255 error,
358 4193 476 4258 possibly,
491 4192 529 4244 for
540 4193 583 4243 the
594 4201 703 4258 present.
894 4192 992 4242 follows
1003 4192 1065 4242 Th:
1083 4193 1165 4250 δεὸμαι
1176 4194 1255 4240 τοίνυν
1272 4193 1315 4252 τῆς
1332 4194 1395 4242 telas
1412 4193 1472 4241 dro-

304 4292 340 4325 11.
376 4275 433 4324 haec
453 4275 537 4322 omm'a
556 4272 682 4333 interiecit]
718 4273 765 4323 See
784 4281 845 4322 note
893 4271 983 4322 herirat
997 4275 1072 4337 ῥοπῆς
1087 4277 1125 4321 tra
1142 4275 1256 4334 γενναίων
1270 4275 1336 4335 φέρω
1351 4270 1382 4322 ni
1398 4291 1472 4336 προσ·

267 4371 333 4405 onv.
347 4371 366 4404 1.
395 4354 450 4403 The
459 4353 613 4418 parenthesis
622 4352 729 4416 actually
737 4351 841 4417 expires,
892 4355 1023 4402 πίπτοντα.
1058 4354 1113 4403 The
1126 4353 1227 4403 Peshito
1238 4355 1346 4418 perhaps
1364 4355 1412 4404 had
1431 4355 1472 4405 led

268 4455 320 4520 apc-
339 4448 365 4488 to
383 4437 441 4496 Th,
460 4436 521 4485 with
539 4437 626 4485 τούτου
643 4433 713 4498 χάριν
731 4435 764 4500 (ν.
789 4437 842 4498 14);
893 4436 936 4486 the
946 4453 1001 4500 way
1013 4444 1039 4486 to
1052 4435 1100 4486 this
1112 4437 1308 4499 interpretation.
