3332 5210
262 389 303 470 78
563 397 572 414 ⁸
595 402 823 454 annononus
847 401 1139 454 Monsussrnuus
1330 388 1401 472 [IV.
1419 407 1469 469 24.

262 576 339 642 ideo
357 585 561 641 memoratus
579 587 629 641 est
647 575 743 660 Agar
766 586 800 642 et
824 576 958 642 Sarram
983 573 1041 660 (ex
1063 575 1184 658 quibus
1207 573 1311 639 altera
1333 575 1469 658 quidem

262 681 447 746 secundum
463 681 672 763 sequentiam
694 689 832 744 naturae
853 682 990 764 peperit,
1014 680 1119 744 altera
1147 701 1225 743 uero
1252 701 1327 744 cum
1355 700 1471 763 parere

263 806 330 850 non
357 795 479 868 posset,
504 795 538 849 et
561 806 621 869 per
644 787 787 868 gratiam
814 787 944 869 peperit
972 785 1089 863 Isaac;
1122 785 1299 867 inquibus
1326 783 1475 848 multum·

263 886 362 950 nimis
384 887 440 950 ille
462 889 519 970 qui
542 889 726 952 secundum
746 889 888 971 gratiam
908 887 970 951 luit
986 897 1084 951 natus
1100 885 1405 970 praehonorabilior
1419 895 1470 950 est

232 988 442 1074 5inuentus),
468 998 505 1053 ut
529 1010 574 1053 ex
598 991 846 1072 comparatione
870 990 930 1053 tali
954 989 1118 1064 ostendat,
1140 989 1300 1070 quoniam
1322 997 1356 1051 et
1383 1007 1471 1050 nunc

264 1088 321 1154 illa
345 1111 432 1173 quae
454 1091 638 1155 secundum
667 1091 835 1157 Christum
863 1101 914 1155 est
936 1091 1128 1155 iustificatio
1151 1090 1258 1154 multo
1282 1088 1398 1153 melior
1420 1098 1471 1153 est

263 1194 308 1259 ab
330 1193 395 1269 illa,
418 1215 458 1257 eo
483 1196 561 1277 quia
585 1216 644 1278 per
667 1196 809 1276 gratiam
830 1195 1036 1277 adquiritur3
1060 1195 1146 1258 bene
1167 1215 1227 1276 pro
1252 1193 1309 1258 illa
1333 1194 1469 1276 quidem

263 1317 349 1380 quae
372 1297 406 1361 in
428 1297 503 1381 lege
526 1307 576 1362 est
599 1297 789 1362 iustificatio
814 1298 905 1361 illam
930 1318 1017 1380 quae
1041 1299 1157 1361 ordine
1179 1306 1317 1360 naturae
1342 1297 1471 1379 peperit

264 1400 448 1482 accipiens;
474 1422 534 1484 pro
556 1400 614 1464 illa
636 1422 715 1464 uero
738 1400 971 1465 iustificatione
997 1422 1084 1482 quae
1108 1401 1141 1463 in
1166 1401 1274 1484 gratia
1299 1409 1357 1476 est,
1377 1401 1468 1464 illam

213 1515 252 1562 ιο
265 1505 376 1587 posuit
398 1527 484 1588 quae
506 1517 637 1591 praeter
659 1527 753 1588 spem
777 1506 945 1589 peperisse
971 1507 1121 1584 uidetur;
1145 1527 1185 1570 eo
1209 1505 1299 1589 quod
1324 1503 1389 1570 illis
1413 1507 1469 1589 qui

265 1607 299 1668 in
314 1607 502 1689 praesentia
521 1617 599 1672 sunt
624 1607 773 1688 legitima
792 1609 953 1691 competit
975 1609 1204 1685 conuersati0;
1227 1591 1291 1672 illi's
1315 1629 1393 1672 uero
1413 1608 1470 1691 qui

264 1707 368 1771 semel
405 1717 663 1783 resurrexerunt,
695 1717 729 1773 et
759 1708 838 1772 sacti
872 1720 951 1773 sunt
984 1709 1172 1792 incorrupti,
1204 1719 1237 1774 et
1267 1709 1471 1775 circumcisio

264 1813 435 1897 superflua
459 1823 511 1878 est
539 1822 573 1878 et
607 1814 734 1878 oblatio
764 1822 798 1878 et
829 1813 1064 1878 sacrificiorum
1089 1834 1151 1878 nec
1179 1834 1247 1878 non
1279 1823 1314 1878 et
1342 1814 1470 1877 dierum

265 1918 485 1988 obseruantia.

188 2045 196 2072 κ
215 2031 249 2098 15
330 2016 434 2100 †sunt
452 2029 564 2084 autem
584 2020 749 2103 quaedam
773 2041 860 2104 quae
875 2021 1059 2085 secundum
1076 2030 1215 2086 naturae
1231 2022 1315 2085 fiunt
1331 2040 1471 2102 sequen-

266 2123 357 2199 tiam,
373 2125 406 2188 id
430 2134 489 2200 est,
514 2125 719 2188 nascentium
745 2127 778 2188 in
803 2124 865 2189 hac
885 2127 954 2190 uita
976 2127 1145 2203 transitus,
1170 2128 1203 2190 in
1226 2127 1347 2209 quibus
1370 2128 1471 2191 etiam

267 2228 417 2311 legitima
446 2229 656 2293 conuersatio
683 2229 793 2292 locum
817 2229 941 2293 habere
974 2229 1114 2294 uidetur.
1160 2231 1288 2314 gratiae
1312 2251 1392 2296 uero
1417 2230 1472 2294 illa

267 2340 318 2395 est
348 2333 505 2396 natiuitas
529 2335 713 2396 secundum
743 2354 845 2415 quam
877 2343 1085 2418 resurgentes
1115 2355 1232 2399 omnes
1262 2336 1295 2400 in
1327 2337 1471 2404 futuram

267 2432 372 2496 uitam
396 2442 579 2497 nascuntur
589 2433 620 2512 3*
643 2436 676 2499 in
698 2456 765 2517 qua
782 2435 905 2500 Christi
928 2437 1078 2500 maxime
1097 2438 1255 2520 impletur
1270 2441 1470 2508 iustificatio.

213 2555 255 2602 20
268 2537 315 2600 sic
336 2556 415 2620 ergo
438 2558 499 2619 pro
522 2537 578 2602 illa
597 2561 684 2622 quae
707 2539 890 2603 secundum
918 2540 1026 2623 legem
1046 2549 1097 2604 est
1121 2541 1362 2618 iustificatione,
1380 2546 1472 2610 illam

268 2638 397 2721 accepit
426 2659 513 2720 quae
543 2650 682 2705 naturae
712 2643 887 2724 sequentia
924 2643 1063 2726 peperit,
1097 2651 1215 2725 utpote
1252 2642 1326 2726 lege
1361 2645 1472 2710 locum

268 2739 414 2804 habente
430 2751 543 2805 tenere
563 2743 638 2807 illos
661 2744 718 2826 qui
737 2743 770 2806 in
794 2744 857 2812 hac
878 2745 949 2809 uita
965 2754 1153 2820 nascuntur,
1169 2742 1225 2827 qui
1242 2753 1275 2808 et
1291 2747 1472 2810 secundum

269 2854 407 2909 naturae
423 2856 606 2911 nascuntur
625 2849 851 2930 sequentiam;
875 2869 936 2931 pro
955 2848 1012 2913 illa
1034 2869 1114 2912 uero
1132 2847 1374 2929 iustificatione,
1389 2873 1475 2935 quae

334 3029 424 3096 ἔστιν
439 3027 473 3094 δὲ
489 3027 663 3094 ἀκολουθία
676 3029 738 3113 μὲν
747 3030 896 3114 γινομένη
912 3028 1077 3116 φύσεωτ,ἡ
1093 3031 1138 3101 eis
1153 3031 1241 3098 τόνδε
1255 3031 1310 3099 τὸν
1323 3033 1400 3112 βίον
1414 3035 1477 3099 τῶν

215 3161 253 3228 25
271 3133 465 3213 τικτομένων
485 3127 635 3218 πάροδος·
656 3127 705 3218 ἐφ’
728 3131 765 3198 οὗ
786 3131 846 3213 τὴν
860 3133 945 3199 κατὰ
967 3132 1065 3214 νόμον
1078 3135 1249 3202 πολιτείαν
1262 3135 1376 3225 χώραν
1391 3136 1477 3226 ἔχειν

270 3237 488 3318 συμβέβηκεν.
533 3233 667 3322 χάριτος
697 3233 732 3299 δὲ
759 3235 780 3316 ἡ
811 3233 959 3316 ’γέννησις
983 3237 1085 3317 ἐκείνη
1110 3235 1182 3304 καθ’
1207 3237 1246 3321 ἢν
1270 3238 1477 3328 ἀνιστάμενοι

270 3339 389 3411 πάντες
404 3341 449 3412 εἰς
464 3338 521 3422 τήν
535 3338 723 3422 μέλλουσαν
740 3339 819 3421 ζωὴν
834 3339 1073 3406 ἀποτίκτονται.

323 3494 331 3528 1
353 3480 441 3530 Sarum
453 3459 487 3538 (so
499 3481 583 3544 nearly
593 3480 696 3545 always)
709 3482 743 3530 H
810 3497 823 3545 3
841 3481 918 3546 possit
931 3485 955 3530 et
967 3479 1020 3529 C':
1037 3496 1099 3540 corr,
1114 3489 1198 3544 posset
1210 3484 1258 3541 (om
1270 3483 1304 3542 et)
1377 3487 1392 3534 8
1409 3485 1478 3535 iusti·

271 3557 386 3612 ficatione
401 3563 507 3625 C(corr)
521 3560 525 3627 Ι
541 3563 609 3612 illam
620 3579 684 3627 quae
695 3561 808 3613 ordinem
822 3563 857 3612 C‘
870 3563 913 3611 illa
923 3577 987 3626 quae
999 3562 1111 3610 ordinem
1124 3563 1156 3611 H
1275 3579 1304 3613 ιο
1321 3566 1422 3628 periisse
1433 3568 1477 3616 H*

275 3653 300 3690 ιι
320 3656 383 3706 quae
395 3641 438 3690 H*
531 3657 559 3705 13
577 3658 673 3692 necnon
684 3651 709 3693 et
720 3651 860 3693 sanctarum
877 3643 929 3692 siue
946 3641 1041 3690 dierum
1059 3642 1112 3690 obs.
1133 3642 1169 3691 C*
1186 3644 1389 3709 solempnitatum
1407 3648 1480 3713 (aster

271 3721 360 3784 sanct.)
372 3723 424 3772 add
435 3724 456 3773 C
467 3721 540 3788 (corr)
553 3741 649 3774 necnon
660 3725 720 3774 dier.
733 3726 785 3774 obs.
801 3726 834 3774 H
912 3739 940 3786 15
953 3724 1080 3788 sequentia
1095 3724 1248 3789 Csapientia
1259 3728 1291 3777 H
1363 3745 1394 3779 ao
1410 3729 1478 3779 iusti·

272 3805 414 3855 ficationem
426 3803 462 3854 C*
474 3807 507 3856 H
568 3821 595 3856 τι
611 3823 686 3872 quam
700 3807 738 3872 01
754 3809 833 3873 legem
848 3808 913 3858 CH
982 3823 1011 3856 aa
1030 3806 1163 3857 habentem
1178 3809 1201 3859 C
1209 3809 1243 3858 H
1308 3827 1338 3876 23
1350 3813 1480 3877 sequentia

274 3889 297 3938 C
306 3889 340 3938 H
346 3888 421 3949 (cm)
504 3899 535 3951 24
547 3905 583 3954 sq.
603 3891 681 3940 Coisl.
693 3906 749 3954 204,
762 3890 779 3939 l.
793 3907 824 3954 34
836 3890 861 3950 b,
876 3890 929 3952 [Cr.
943 3887 975 3938 vi.
990 3902 1027 3952 70,
1044 3889 1084 3938 Fr.
1100 3891 1164 3954 ¹²71·

306 4025 329 4076 3.
368 4013 691 4078 ιντάινιιτνίνιιζτ...]ινοι1ι.]
717 4014 758 4064 On
776 4014 852 4063 nimis
902 4014 977 4064 nated
989 4016 1174 4079 inanattempt
1187 4021 1214 4064 to
1228 4015 1328 4081 explain
1340 4016 1434 4066 dieram
1445 4017 1479 4081 by

277 4093 402 4155 εσφόδρα
426 4110 467 4143 see
494 4095 601 4155 Rdnsch
627 4096 704 4155 Itala,
732 4112 756 4161 p.
787 4110 850 4160 34a;
901 4097 944 4146 the
959 4097 1072 4145 addition
1089 4096 1118 4146 ol
1130 4104 1291 4158 sanctarum
1308 4098 1359 4148 siue
1371 4100 1392 4148 is
1403 4115 1478 4164 appa·

273 4176 323 4224 ond
340 4175 378 4224 for
391 4177 617 4234 neultrrm=multq
632 4178 663 4227 cl.
675 4195 756 4244 supra,
771 4195 795 4243 p.
809 4179 848 4240 58,
901 4181 982 4244 rently
998 4196 1013 4228 a
1028 4179 1146 4244 copyist’s
1160 4181 1276 4231 blunder.
1308 4183 1414 4232 Dabarem
1430 4183 1475 4232 obs.

273 4253 289 4305 1.
306 4263 416 4312 remote.
442 4257 524 4306 Three
536 4257 598 4306 lines
608 4257 690 4308 below
699 4260 760 4309 both
770 4259 846 4310 MSS.
901 4261 973 4310 looks
989 4261 1053 4310 back
1071 4271 1097 4311 to
1114 4278 1136 4311 c.
1153 4263 1186 4313 iv.
1210 4277 1246 4323 10,
1266 4263 1355 4322 ἡμέρας
1370 4281 1478 4326 παρατη-

273 4336 330 4399 give
342 4337 425 4386 nrulto.
901 4345 988 4406 ρεῖοθε.

309 4429 347 4476 ι3.
381 4432 484 4465 necrum
494 4423 517 4466 et
527 4417 622 4467 duram
633 4418 692 4481 obn]
714 4420 769 4470 The
780 4421 850 4470 read·
937 4423 974 4475 16.
1009 4426 1037 4475 in
1053 4426 1100 4476 ltac
1115 4426 1239 4489 uita1=in
1251 4425 1421 4476 hancuitam:
1439 4443 1479 4479 see

274 4497 318 4560 ing
337 4497 362 4547 in
381 4499 424 4548 the
443 4497 535 4549 Corbie
558 4500 614 4550 MS.
635 4502 757 4566 probably
777 4503 850 4567 origi·
902 4505 952 4555 Gk.
