<?xml version="1.0" encoding="UTF-8"?>
<!DOCTYPE html PUBLIC "-//W3C//DTD XHTML 1.0 Transitional//EN"
    "http://www.w3.org/TR/xhtml1/DTD/xhtml1-transitional.dtd">
<html xmlns="http://www.w3.org/1999/xhtml" xml:lang="en" lang="en">
 <head>
  <title>
</title>
<meta http-equiv="Content-Type" content="text/html;charset=utf-8" />
  <meta name='ocr-system' content='tesseract 3.04.00' />
  <meta name='ocr-capabilities' content='ocr_page ocr_carea ocr_par ocr_line ocrx_word'/>
</head>
<body>
  <div class='ocr_page' id='page_1' title='image "./theodoriepiscop01theogoog_0134.png"; bbox 0 0 3342 5224; ppageno 0'>
   <div class='ocr_carea' id='block_1_1' title="bbox 167 406 1364 500">
    <p class='ocr_par' dir='ltr' id='par_1_1' title="bbox 167 406 1364 500">
     <span class='ocr_line' id='line_1_1' title="bbox 167 406 1364 500; baseline 0.008 -32"><span class='ocrx_word' id='word_1_1' title='bbox 167 406 212 470; x_wconf 87' lang='lat'>11.</span> <span class='ocrx_word' id='word_1_2' title='bbox 229 424 278 484; x_wconf 87' lang='lat'>20,</span> <span class='ocrx_word' id='word_1_3' title='bbox 297 407 359 492; x_wconf 87' lang='lat'>21.]</span> <span class='ocrx_word' id='word_1_4' title='bbox 503 490 506 500; x_wconf 29' lang='grc'><strong>,</strong></span> <span class='ocrx_word' id='word_1_5' title='bbox 568 422 609 470; x_wconf 82' lang='lat' dir='ltr'>ru</span> <span class='ocrx_word' id='word_1_6' title='bbox 634 423 685 471; x_wconf 76' lang='lat' dir='ltr'>ue.</span> <span class='ocrx_word' id='word_1_7' title='bbox 710 423 760 470; x_wconf 81' lang='lat' dir='ltr'>nr&gt;</span> <span class='ocrx_word' id='word_1_8' title='bbox 783 421 958 472; x_wconf 75' lang='lat' dir='ltr'>onrnrns.</span> <span class='ocrx_word' id='word_1_9' title='bbox 1328 421 1364 484; x_wconf 81' lang='lat'>33</span> 
     </span>
    </p>
   </div>
   <div class='ocr_carea' id='block_1_2' title="bbox 163 589 1421 1478">
    <p class='ocr_par' dir='ltr' id='par_1_2' title="bbox 163 589 1421 1272">
     <span class='ocr_line' id='line_1_2' title="bbox 232 589 1368 672; baseline 0.002 -20"><span class='ocrx_word' id='word_1_10' title='bbox 232 609 311 652; x_wconf 92' lang='lat' dir='ltr'>nam</span> <span class='ocrx_word' id='word_1_11' title='bbox 337 589 418 653; x_wconf 90' lang='lat' dir='ltr'>illud</span> <span class='ocrx_word' id='word_1_12' title='bbox 442 589 534 672; x_wconf 91' lang='lat' dir='ltr'>quod</span> <span class='ocrx_word' id='word_1_13' title='bbox 559 590 670 654; x_wconf 86' lang='lat' dir='ltr'><strong>dixit:</strong></span> <span class='ocrx_word' id='word_1_14' title='bbox 704 589 781 653; x_wconf 87' lang='lat' dir='ltr'>uiuo</span> <span class='ocrx_word' id='word_1_15' title='bbox 810 599 917 653; x_wconf 84' lang='lat' dir='ltr'>autem</span> <span class='ocrx_word' id='word_1_16' title='bbox 946 590 1012 653; x_wconf 86' lang='lat' dir='ltr'>iam</span> <span class='ocrx_word' id='word_1_17' title='bbox 1035 610 1098 652; x_wconf 88' lang='lat' dir='ltr'>non</span> <span class='ocrx_word' id='word_1_18' title='bbox 1128 610 1191 671; x_wconf 82' lang='lat' dir='ltr'>ego,</span> <span class='ocrx_word' id='word_1_19' title='bbox 1219 589 1282 654; x_wconf 89' lang='lat' dir='ltr'>hoc</span> <span class='ocrx_word' id='word_1_20' title='bbox 1309 600 1368 666; x_wconf 90' lang='lat' dir='ltr'>est,</span> 
     </span>
     <span class='ocr_line' id='line_1_3' title="bbox 165 693 1369 778; baseline 0.004 -24"><span class='ocrx_word' id='word_1_21' title='bbox 165 699 375 772; x_wconf 85' lang='lat' dir='ltr'>praesentem</span> <span class='ocrx_word' id='word_1_22' title='bbox 397 693 521 773; x_wconf 88' lang='lat' dir='ltr'>uitam;</span> <span class='ocrx_word' id='word_1_23' title='bbox 545 702 663 776; x_wconf 83' lang='lat' dir='ltr'>utpote</span> <span class='ocrx_word' id='word_1_24' title='bbox 680 704 758 776; x_wconf 89' lang='lat' dir='ltr'>post</span> <span class='ocrx_word' id='word_1_25' title='bbox 777 704 920 758; x_wconf 89' lang='lat' dir='ltr'>mortem</span> <span class='ocrx_word' id='word_1_26' title='bbox 945 693 1037 771; x_wconf 89' lang='lat' dir='ltr'>alter,</span> <span class='ocrx_word' id='word_1_27' title='bbox 1056 702 1090 758; x_wconf 86' lang='lat' dir='ltr'>et</span> <span class='ocrx_word' id='word_1_28' title='bbox 1114 713 1181 758; x_wconf 92' lang='lat' dir='ltr'>non</span> <span class='ocrx_word' id='word_1_29' title='bbox 1204 695 1274 778; x_wconf 91' lang='lat' dir='ltr'>ipse</span> <span class='ocrx_word' id='word_1_30' title='bbox 1299 695 1369 759; x_wconf 88' lang='lat' dir='ltr'>exi·</span> 
     </span>
     <span class='ocr_line' id='line_1_4' title="bbox 163 795 1368 880; baseline 0.004 -25"><span class='ocrx_word' id='word_1_31' title='bbox 163 801 265 858; x_wconf 87' lang='lat' dir='ltr'>stens.</span> <span class='ocrx_word' id='word_1_32' title='bbox 311 815 389 860; x_wconf 88' lang='lat' dir='ltr'>nam</span> <span class='ocrx_word' id='word_1_33' title='bbox 416 795 506 879; x_wconf 92' lang='lat' dir='ltr'>quod</span> <span class='ocrx_word' id='word_1_34' title='bbox 533 797 630 874; x_wconf 86' lang='lat' dir='ltr'>dixit,</span> <span class='ocrx_word' id='word_1_35' title='bbox 655 795 744 860; x_wconf 84' lang='lat' dir='ltr'>uiuit</span> <span class='ocrx_word' id='word_1_36' title='bbox 772 797 807 860; x_wconf 85' lang='lat' dir='ltr'>in</span> <span class='ocrx_word' id='word_1_37' title='bbox 836 817 888 860; x_wconf 78' lang='lat' dir='ltr'>me</span> <span class='ocrx_word' id='word_1_38' title='bbox 913 795 1075 877; x_wconf 82' lang='lat' dir='ltr'>Christus,</span> <span class='ocrx_word' id='word_1_39' title='bbox 1097 798 1255 880; x_wconf 88' lang='lat' dir='ltr'>quoniam</span> <span class='ocrx_word' id='word_1_40' title='bbox 1283 797 1368 861; x_wconf 88' lang='lat' dir='ltr'>illius</span> 
     </span>
     <span class='ocr_line' id='line_1_5' title="bbox 164 895 1368 982; baseline 0.006 -26"><span class='ocrx_word' id='word_1_41' title='bbox 164 895 269 959; x_wconf 88' lang='lat' dir='ltr'>uitam</span> <span class='ocrx_word' id='word_1_42' title='bbox 296 897 380 962; x_wconf 92' lang='lat' dir='ltr'>uiuit</span> <span class='ocrx_word' id='word_1_43' title='bbox 410 899 456 962; x_wconf 91' lang='lat' dir='ltr'>illi</span> <span class='ocrx_word' id='word_1_44' title='bbox 486 899 706 963; x_wconf 87' lang='lat' dir='ltr'>inmortalem.</span> <span class='ocrx_word' id='word_1_45' title='bbox 752 921 791 963; x_wconf 89' lang='lat' dir='ltr'>ea</span> <span class='ocrx_word' id='word_1_46' title='bbox 823 900 911 963; x_wconf 90' lang='lat' dir='ltr'>enim</span> <span class='ocrx_word' id='word_1_47' title='bbox 942 920 1030 981; x_wconf 90' lang='lat' dir='ltr'>quae</span> <span class='ocrx_word' id='word_1_48' title='bbox 1058 907 1139 963; x_wconf 90' lang='lat' dir='ltr'>tunc</span> <span class='ocrx_word' id='word_1_49' title='bbox 1168 907 1264 963; x_wconf 91' lang='lat' dir='ltr'>erunt</span> <span class='ocrx_word' id='word_1_50' title='bbox 1290 899 1368 982; x_wconf 91' lang='lat' dir='ltr'>ipsis</span> 
     </span>
     <span class='ocr_line' id='line_1_6' title="bbox 164 995 1421 1083; baseline 0.006 -25"><span class='ocrx_word' id='word_1_51' title='bbox 164 995 272 1077; x_wconf 72' lang='lat' dir='ltr'>rebm,</span> <span class='ocrx_word' id='word_1_52' title='bbox 296 999 380 1064; x_wconf 86' lang='lat' dir='ltr'>haec</span> <span class='ocrx_word' id='word_1_53' title='bbox 405 1002 500 1083; x_wconf 89' lang='lat' dir='ltr'>quasi</span> <span class='ocrx_word' id='word_1_54' title='bbox 526 1002 592 1066; x_wconf 88' lang='lat' dir='ltr'>iam</span> <span class='ocrx_word' id='word_1_55' title='bbox 619 1002 707 1066; x_wconf 84' lang='lat' dir='ltr'>facta</span> <span class='ocrx_word' id='word_1_56' title='bbox 733 1001 823 1077; x_wconf 89' lang='lat' dir='ltr'>dicit,</span> <span class='ocrx_word' id='word_1_57' title='bbox 850 1003 1033 1065; x_wconf 90' lang='lat' dir='ltr'>secundum</span> <span class='ocrx_word' id='word_1_58' title='bbox 1055 1001 1146 1082; x_wconf 91' lang='lat' dir='ltr'>quod</span> <span class='ocrx_word' id='word_1_59' title='bbox 1168 1001 1201 1064; x_wconf 95' lang='lat' dir='ltr'>in</span> <span class='ocrx_word' id='word_1_60' title='bbox 1227 1001 1367 1065; x_wconf 79' lang='lat' dir='ltr'>formam</span> <span class='ocrx_word' id='word_1_61' title='bbox 1407 1010 1421 1074; x_wconf 85' lang='grc'>5</span> 
     </span>
     <span class='ocr_line' id='line_1_7' title="bbox 164 1094 1367 1188; baseline 0.008 -28"><span class='ocrx_word' id='word_1_62' title='bbox 164 1094 295 1165; x_wconf 91' lang='lat' dir='ltr'>illorum</span> <span class='ocrx_word' id='word_1_63' title='bbox 311 1123 370 1185; x_wconf 88' lang='lat' dir='ltr'>per</span> <span class='ocrx_word' id='word_1_64' title='bbox 383 1103 553 1187; x_wconf 87' lang='lat' dir='ltr'>baptisma</span> <span class='ocrx_word' id='word_1_65' title='bbox 568 1105 725 1170; x_wconf 86' lang='lat' dir='ltr'>transisse</span> <span class='ocrx_word' id='word_1_66' title='bbox 740 1106 872 1169; x_wconf 81' lang='lat' dir='ltr'>uidetur</span> <span class='ocrx_word' id='word_1_67' title='bbox 885 1125 893 1184; x_wconf 83' lang='lat'>3</span> <span class='ocrx_word' id='word_1_68' title='bbox 917 1116 951 1170; x_wconf 94' lang='lat' dir='ltr'>et</span> <span class='ocrx_word' id='word_1_69' title='bbox 967 1107 1010 1169; x_wconf 90' lang='lat' dir='ltr'>de</span> <span class='ocrx_word' id='word_1_70' title='bbox 1026 1105 1151 1183; x_wconf 85' lang='lat' dir='ltr'>suturis,</span> <span class='ocrx_word' id='word_1_71' title='bbox 1168 1105 1247 1188; x_wconf 91' lang='lat' dir='ltr'>quia</span> <span class='ocrx_word' id='word_1_72' title='bbox 1262 1115 1367 1181; x_wconf 89' lang='lat' dir='ltr'>erunt,</span> 
     </span>
     <span class='ocr_line' id='line_1_8' title="bbox 164 1202 537 1272; baseline 0.016 -6"><span class='ocrx_word' id='word_1_73' title='bbox 164 1202 295 1269; x_wconf 88' lang='lat' dir='ltr'>firmam</span> <span class='ocrx_word' id='word_1_74' title='bbox 310 1205 412 1271; x_wconf 86' lang='lat' dir='ltr'>habet</span> <span class='ocrx_word' id='word_1_75' title='bbox 427 1206 537 1272; x_wconf 88' lang='lat' dir='ltr'>fidem.</span> 
     </span>
    </p>

    <p class='ocr_par' dir='ltr' id='par_1_3' title="bbox 164 1309 1367 1478">
     <span class='ocr_line' id='line_1_9' title="bbox 229 1309 1367 1392; baseline 0.004 -21"><span class='ocrx_word' id='word_1_76' title='bbox 229 1309 360 1386; x_wconf 87' lang='lat' dir='ltr'>deinde,</span> <span class='ocrx_word' id='word_1_77' title='bbox 375 1312 534 1392; x_wconf 91' lang='lat' dir='ltr'>quoniam</span> <span class='ocrx_word' id='word_1_78' title='bbox 550 1311 660 1375; x_wconf 89' lang='lat' dir='ltr'>adhuc</span> <span class='ocrx_word' id='word_1_79' title='bbox 676 1309 852 1376; x_wconf 86' lang='lat' dir='ltr'>mortalem</span> <span class='ocrx_word' id='word_1_80' title='bbox 872 1312 958 1377; x_wconf 90' lang='lat' dir='ltr'>hanc</span> <span class='ocrx_word' id='word_1_81' title='bbox 973 1313 1079 1378; x_wconf 89' lang='lat' dir='ltr'>uitam</span> <span class='ocrx_word' id='word_1_82' title='bbox 1102 1312 1233 1377; x_wconf 91' lang='lat' dir='ltr'>uidetur</span> <span class='ocrx_word' id='word_1_83' title='bbox 1247 1313 1367 1387; x_wconf 89' lang='lat' dir='ltr'>uiuere,</span> 
     </span>
     <span class='ocr_line' id='line_1_10' title="bbox 164 1411 609 1478; baseline 0.009 -4"><span class='ocrx_word' id='word_1_84' title='bbox 164 1411 306 1476; x_wconf 91' lang='lat' dir='ltr'>necdum</span> <span class='ocrx_word' id='word_1_85' title='bbox 322 1413 356 1476; x_wconf 91' lang='lat' dir='ltr'>in</span> <span class='ocrx_word' id='word_1_86' title='bbox 372 1413 428 1477; x_wconf 91' lang='lat' dir='ltr'>illa</span> <span class='ocrx_word' id='word_1_87' title='bbox 444 1414 609 1478; x_wconf 86' lang='lat' dir='ltr'>existens:</span> 
     </span>
    </p>
   </div>
   <div class='ocr_carea' id='block_1_3' title="bbox 163 1553 1425 1742">
    <p class='ocr_par' dir='ltr' id='par_1_4' title="bbox 163 1553 1425 1742">
     <span class='ocr_line' id='line_1_11' title="bbox 229 1553 1425 1643; baseline 0.003 -26"><span class='ocrx_word' id='word_1_88' title='bbox 229 1553 317 1636; x_wconf 84' lang='lat' dir='ltr'>quod</span> <span class='ocrx_word' id='word_1_89' title='bbox 327 1564 434 1619; x_wconf 85' lang='lat' dir='ltr'>autem</span> <span class='ocrx_word' id='word_1_90' title='bbox 455 1575 541 1620; x_wconf 88' lang='lat' dir='ltr'>nunc</span> <span class='ocrx_word' id='word_1_91' title='bbox 559 1556 636 1620; x_wconf 86' lang='lat' dir='ltr'>uiuo</span> <span class='ocrx_word' id='word_1_92' title='bbox 659 1557 694 1620; x_wconf 83' lang='lat' dir='ltr'>in</span> <span class='ocrx_word' id='word_1_93' title='bbox 714 1578 818 1635; x_wconf 82' lang='lat' dir='ltr'>carne,</span> <span class='ocrx_word' id='word_1_94' title='bbox 838 1557 874 1622; x_wconf 86' lang='lat' dir='ltr'>in</span> <span class='ocrx_word' id='word_1_95' title='bbox 887 1557 960 1643; x_wconf 75' lang='lat' dir='ltr'>fide</span> <span class='ocrx_word' id='word_1_96' title='bbox 980 1558 1058 1622; x_wconf 81' lang='lat' dir='ltr'>uiuo</span> <span class='ocrx_word' id='word_1_97' title='bbox 1079 1557 1152 1622; x_wconf 84' lang='lat' dir='ltr'>Fili</span> <span class='ocrx_word' id='word_1_98' title='bbox 1168 1559 1236 1624; x_wconf 84' lang='lat' dir='ltr'>Dei</span> <span class='ocrx_word' id='word_1_99' title='bbox 1247 1559 1307 1642; x_wconf 86' lang='lat' dir='ltr'>qui</span> <span class='ocrx_word' id='word_1_100' title='bbox 1320 1579 1371 1622; x_wconf 84' lang='lat' dir='ltr'>me</span> <span class='ocrx_word' id='word_1_101' title='bbox 1387 1577 1425 1621; x_wconf 84' lang='grc' dir='ltr'>ιο</span> 
     </span>
     <span class='ocr_line' id='line_1_12' title="bbox 163 1651 850 1742; baseline 0.013 -26"><span class='ocrx_word' id='word_1_102' title='bbox 163 1651 287 1734; x_wconf 73' lang='lat' dir='ltr'>dilexit,</span> <span class='ocrx_word' id='word_1_103' title='bbox 301 1666 334 1720; x_wconf 84' lang='lat' dir='ltr'>et</span> <span class='ocrx_word' id='word_1_104' title='bbox 348 1658 490 1723; x_wconf 64' lang='lat' dir='ltr'>tradidit</span> <span class='ocrx_word' id='word_1_105' title='bbox 501 1659 705 1742; x_wconf 62' lang='lat' dir='ltr'>semetipsum</span> <span class='ocrx_word' id='word_1_106' title='bbox 711 1669 776 1741; x_wconf 83' lang='lat' dir='ltr'>pro</span> <span class='ocrx_word' id='word_1_107' title='bbox 790 1681 850 1726; x_wconf 84' lang='lat' dir='ltr'>me.</span> 
     </span>
    </p>
   </div>
   <div class='ocr_carea' id='block_1_4' title="bbox 164 1779 1420 2484">
    <p class='ocr_par' dir='ltr' id='par_1_5' title="bbox 164 1779 1420 2484">
     <span class='ocr_line' id='line_1_13' title="bbox 230 1779 1367 1864; baseline -0.001 -23"><span class='ocrx_word' id='word_1_108' title='bbox 230 1779 398 1842; x_wconf 83' lang='lat' dir='ltr'>‘camem’</span> <span class='ocrx_word' id='word_1_109' title='bbox 414 1789 573 1845; x_wconf 87' lang='lat' dir='ltr'>consuete</span> <span class='ocrx_word' id='word_1_110' title='bbox 592 1801 654 1864; x_wconf 94' lang='lat' dir='ltr'>pro</span> <span class='ocrx_word' id='word_1_111' title='bbox 674 1781 880 1845; x_wconf 87' lang='lat' dir='ltr'>mortalitate</span> <span class='ocrx_word' id='word_1_112' title='bbox 895 1781 985 1857; x_wconf 88' lang='lat' dir='ltr'>dicit,</span> <span class='ocrx_word' id='word_1_113' title='bbox 998 1779 1063 1846; x_wconf 87' lang='lat' dir='ltr'>hoc</span> <span class='ocrx_word' id='word_1_114' title='bbox 1078 1781 1192 1845; x_wconf 88' lang='lat' dir='ltr'>dicens</span> <span class='ocrx_word' id='word_1_115' title='bbox 1209 1779 1367 1862; x_wconf 91' lang='lat' dir='ltr'>quoniam</span> 
     </span>
     <span class='ocr_line' id='line_1_14' title="bbox 165 1878 1367 1966; baseline 0.004 -26"><span class='ocrx_word' id='word_1_116' title='bbox 165 1878 211 1940; x_wconf 80' lang='lat' dir='ltr'>‘si</span> <span class='ocrx_word' id='word_1_117' title='bbox 226 1878 337 1945; x_wconf 89' lang='lat' dir='ltr'>adhuc</span> <span class='ocrx_word' id='word_1_118' title='bbox 357 1882 515 1947; x_wconf 88' lang='lat' dir='ltr'>aestimor</span> <span class='ocrx_word' id='word_1_119' title='bbox 534 1881 711 1947; x_wconf 88' lang='lat' dir='ltr'>mortalem</span> <span class='ocrx_word' id='word_1_120' title='bbox 731 1883 818 1947; x_wconf 91' lang='lat' dir='ltr'>hanc</span> <span class='ocrx_word' id='word_1_121' title='bbox 836 1885 940 1948; x_wconf 89' lang='lat' dir='ltr'>uitam</span> <span class='ocrx_word' id='word_1_122' title='bbox 961 1893 995 1948; x_wconf 92' lang='lat' dir='ltr'>et</span> <span class='ocrx_word' id='word_1_123' title='bbox 1010 1882 1228 1966; x_wconf 89' lang='lat' dir='ltr'>temporalem</span> <span class='ocrx_word' id='word_1_124' title='bbox 1248 1883 1367 1956; x_wconf 87' lang='lat' dir='ltr'>uiuere,</span> 
     </span>
     <span class='ocr_line' id='line_1_15' title="bbox 164 1984 1369 2070; baseline 0.002 -23"><span class='ocrx_word' id='word_1_125' title='bbox 164 1984 224 2047; x_wconf 88' lang='lat' dir='ltr'>sed</span> <span class='ocrx_word' id='word_1_126' title='bbox 250 1984 317 2049; x_wconf 88' lang='lat' dir='ltr'>fide</span> <span class='ocrx_word' id='word_1_127' title='bbox 337 1985 403 2050; x_wconf 92' lang='lat' dir='ltr'>iam</span> <span class='ocrx_word' id='word_1_128' title='bbox 425 1988 530 2052; x_wconf 87' lang='lat' dir='ltr'>uitam</span> <span class='ocrx_word' id='word_1_129' title='bbox 551 1987 642 2051; x_wconf 89' lang='lat' dir='ltr'>illam</span> <span class='ocrx_word' id='word_1_130' title='bbox 664 1988 776 2052; x_wconf 88' lang='lat' dir='ltr'>uiuere</span> <span class='ocrx_word' id='word_1_131' title='bbox 802 1988 983 2064; x_wconf 88' lang='lat' dir='ltr'>existimor,</span> <span class='ocrx_word' id='word_1_132' title='bbox 1009 1987 1179 2052; x_wconf 89' lang='lat' dir='ltr'>indubiam</span> <span class='ocrx_word' id='word_1_133' title='bbox 1205 1985 1292 2051; x_wconf 88' lang='lat' dir='ltr'>ultra</span> <span class='ocrx_word' id='word_1_134' title='bbox 1310 2006 1369 2070; x_wconf 90' lang='lat' dir='ltr'>per</span> 
     </span>
     <span class='ocr_line' id='line_1_16' title="bbox 165 2085 1420 2174; baseline 0.005 -24"><span class='ocrx_word' id='word_1_135' title='bbox 165 2085 287 2152; x_wconf 92' lang='lat' dir='ltr'>Filium</span> <span class='ocrx_word' id='word_1_136' title='bbox 313 2090 378 2153; x_wconf 90' lang='lat' dir='ltr'>Dei</span> <span class='ocrx_word' id='word_1_137' title='bbox 404 2090 588 2154; x_wconf 85' lang='lat' dir='ltr'>futurorum</span> <span class='ocrx_word' id='word_1_138' title='bbox 612 2111 707 2174; x_wconf 85' lang='lat' dir='ltr'>spem</span> <span class='ocrx_word' id='word_1_139' title='bbox 734 2091 870 2169; x_wconf 86' lang='lat' dir='ltr'>habens,</span> <span class='ocrx_word' id='word_1_140' title='bbox 895 2113 936 2155; x_wconf 89' lang='lat' dir='ltr'>eo</span> <span class='ocrx_word' id='word_1_141' title='bbox 959 2093 1049 2174; x_wconf 89' lang='lat' dir='ltr'>quod</span> <span class='ocrx_word' id='word_1_142' title='bbox 1070 2101 1105 2157; x_wconf 88' lang='lat' dir='ltr'>et</span> <span class='ocrx_word' id='word_1_143' title='bbox 1125 2091 1241 2156; x_wconf 82' lang='lat' dir='ltr'>dilexit</span> <span class='ocrx_word' id='word_1_144' title='bbox 1261 2113 1317 2168; x_wconf 84' lang='lat' dir='ltr'>me,</span> <span class='ocrx_word' id='word_1_145' title='bbox 1339 2101 1371 2154; x_wconf 83' lang='lat' dir='ltr'>et</span> <span class='ocrx_word' id='word_1_146' title='bbox 1388 2110 1420 2174; x_wconf 84' lang='lat'>15</span> 
     </span>
     <span class='ocr_line' id='line_1_17' title="bbox 164 2193 1368 2276; baseline -0.002 -18"><span class='ocrx_word' id='word_1_147' title='bbox 164 2193 256 2258; x_wconf 80' lang='lat' dir='ltr'>dedit</span> <span class='ocrx_word' id='word_1_148' title='bbox 272 2195 411 2276; x_wconf 66' lang='lat' dir='ltr'>seipsum</span> <span class='ocrx_word' id='word_1_149' title='bbox 427 2204 491 2276; x_wconf 79' lang='lat' dir='ltr'>pro</span> <span class='ocrx_word' id='word_1_150' title='bbox 516 2215 573 2258; x_wconf 83' lang='lat' dir='ltr'>me.</span> <span class='ocrx_word' id='word_1_151' title='bbox 617 2195 680 2259; x_wconf 88' lang='lat' dir='ltr'>hac</span> <span class='ocrx_word' id='word_1_152' title='bbox 705 2196 750 2259; x_wconf 85' lang='lat' dir='ltr'>de</span> <span class='ocrx_word' id='word_1_153' title='bbox 775 2216 875 2260; x_wconf 89' lang='lat' dir='ltr'>causa</span> <span class='ocrx_word' id='word_1_154' title='bbox 901 2195 1056 2259; x_wconf 87' lang='lat' dir='ltr'>dubitare</span> <span class='ocrx_word' id='word_1_155' title='bbox 1078 2195 1166 2260; x_wconf 89' lang='lat' dir='ltr'>ultra</span> <span class='ocrx_word' id='word_1_156' title='bbox 1185 2195 1228 2260; x_wconf 85' lang='lat' dir='ltr'>de</span> <span class='ocrx_word' id='word_1_157' title='bbox 1251 2195 1368 2259; x_wconf 87' lang='lat' dir='ltr'>suturis</span> 
     </span>
     <span class='ocr_line' id='line_1_18' title="bbox 166 2297 1368 2380; baseline 0.001 -21"><span class='ocrx_word' id='word_1_158' title='bbox 166 2315 234 2360; x_wconf 91' lang='lat' dir='ltr'>non</span> <span class='ocrx_word' id='word_1_159' title='bbox 255 2297 410 2380; x_wconf 66' lang='lat' dir='ltr'>possum!</span> <span class='ocrx_word' id='word_1_160' title='bbox 448 2297 538 2380; x_wconf 90' lang='lat' dir='ltr'>quod</span> <span class='ocrx_word' id='word_1_161' title='bbox 557 2308 670 2362; x_wconf 89' lang='lat' dir='ltr'>autem</span> <span class='ocrx_word' id='word_1_162' title='bbox 689 2297 786 2376; x_wconf 87' lang='lat' dir='ltr'>dixit,</span> <span class='ocrx_word' id='word_1_163' title='bbox 801 2298 891 2379; x_wconf 91' lang='lat' dir='ltr'>quod</span> <span class='ocrx_word' id='word_1_164' title='bbox 907 2303 1013 2361; x_wconf 92' lang='lat' dir='ltr'>‘nunc</span> <span class='ocrx_word' id='word_1_165' title='bbox 1032 2299 1111 2362; x_wconf 89' lang='lat' dir='ltr'>uiuo</span> <span class='ocrx_word' id='word_1_166' title='bbox 1131 2299 1164 2361; x_wconf 93' lang='lat' dir='ltr'>in</span> <span class='ocrx_word' id='word_1_167' title='bbox 1186 2315 1293 2372; x_wconf 89' lang='lat' dir='ltr'>came,</span> <span class='ocrx_word' id='word_1_168' title='bbox 1310 2297 1368 2360; x_wconf 86' lang='lat' dir='ltr'>sed</span> 
     </span>
     <span class='ocr_line' id='line_1_19' title="bbox 166 2397 1370 2484; baseline -0.002 -22"><span class='ocrx_word' id='word_1_169' title='bbox 166 2399 200 2462; x_wconf 92' lang='lat' dir='ltr'>in</span> <span class='ocrx_word' id='word_1_170' title='bbox 224 2397 290 2463; x_wconf 90' lang='lat' dir='ltr'>fide</span> <span class='ocrx_word' id='word_1_171' title='bbox 309 2400 406 2477; x_wconf 86' lang='lat' dir='ltr'>uiuo‚&#39;</span> <span class='ocrx_word' id='word_1_172' title='bbox 427 2409 461 2464; x_wconf 93' lang='lat' dir='ltr'>et</span> <span class='ocrx_word' id='word_1_173' title='bbox 481 2409 600 2466; x_wconf 88' lang='lat' dir='ltr'>cetera.</span> <span class='ocrx_word' id='word_1_174' title='bbox 633 2408 668 2465; x_wconf 86' lang='lat' dir='ltr'>et</span> <span class='ocrx_word' id='word_1_175' title='bbox 683 2401 778 2484; x_wconf 89' lang='lat' dir='ltr'>quasi</span> <span class='ocrx_word' id='word_1_176' title='bbox 794 2400 860 2463; x_wconf 89' lang='lat' dir='ltr'>iam</span> <span class='ocrx_word' id='word_1_177' title='bbox 877 2400 1076 2464; x_wconf 87' lang='lat' dir='ltr'>sufficienter</span> <span class='ocrx_word' id='word_1_178' title='bbox 1101 2419 1289 2464; x_wconf 89' lang='lat' dir='ltr'>memorans</span> <span class='ocrx_word' id='word_1_179' title='bbox 1313 2397 1370 2461; x_wconf 94' lang='lat' dir='ltr'>illa</span> 
     </span>
    </p>
   </div>
   <div class='ocr_carea' id='block_1_5' title="bbox 56 2501 1369 2586">
    <p class='ocr_par' dir='ltr' id='par_1_6' title="bbox 56 2501 1369 2586">
     <span class='ocr_line' id='line_1_20' title="bbox 56 2501 1369 2586; baseline -0.003 -19"><span class='ocrx_word' id='word_1_180' title='bbox 56 2535 62 2544; x_wconf 95' lang='lat'>·</span> <span class='ocrx_word' id='word_1_181' title='bbox 166 2524 253 2586; x_wconf 89' lang='lat' dir='ltr'>quae</span> <span class='ocrx_word' id='word_1_182' title='bbox 268 2525 289 2568; x_wconf 88' lang='lat' dir='ltr'>a</span> <span class='ocrx_word' id='word_1_183' title='bbox 304 2504 389 2569; x_wconf 92' lang='lat' dir='ltr'>Filio</span> <span class='ocrx_word' id='word_1_184' title='bbox 405 2503 469 2568; x_wconf 90' lang='lat' dir='ltr'>Dei</span> <span class='ocrx_word' id='word_1_185' title='bbox 484 2505 565 2570; x_wconf 89' lang='lat' dir='ltr'>data</span> <span class='ocrx_word' id='word_1_186' title='bbox 580 2513 658 2568; x_wconf 90' lang='lat' dir='ltr'>sunt</span> <span class='ocrx_word' id='word_1_187' title='bbox 678 2503 775 2568; x_wconf 90' lang='lat' dir='ltr'>nobis</span> <span class='ocrx_word' id='word_1_188' title='bbox 791 2502 911 2583; x_wconf 84' lang='lat' dir='ltr'>futura,</span> <span class='ocrx_word' id='word_1_189' title='bbox 934 2503 1135 2567; x_wconf 89' lang='lat' dir='ltr'>confirmans</span> <span class='ocrx_word' id='word_1_190' title='bbox 1156 2523 1232 2566; x_wconf 91' lang='lat' dir='ltr'>cum</span> <span class='ocrx_word' id='word_1_191' title='bbox 1248 2501 1369 2565; x_wconf 85' lang='lat' dir='ltr'>fiducia</span> 
     </span>
    </p>
   </div>
   <div class='ocr_carea' id='block_1_6' title="bbox 165 2606 1427 3069">
    <p class='ocr_par' dir='ltr' id='par_1_7' title="bbox 165 2606 1427 3069">
     <span class='ocr_line' id='line_1_21' title="bbox 165 2606 1427 2676; baseline 0.004 -5"><span class='ocrx_word' id='word_1_192' title='bbox 165 2606 287 2672; x_wconf 88' lang='lat' dir='ltr'>adicit:</span> <span class='ocrx_word' id='word_1_193' title='bbox 1386 2631 1427 2676; x_wconf 88' lang='lat'>20</span> 
     </span>
     <span class='ocr_line' id='line_1_22' title="bbox 231 2732 665 2816; baseline 0.002 -20"><span class='ocrx_word' id='word_1_194' title='bbox 231 2753 293 2796; x_wconf 84' lang='lat' dir='ltr'>non</span> <span class='ocrx_word' id='word_1_195' title='bbox 308 2744 419 2815; x_wconf 81' lang='lat' dir='ltr'>sperno</span> <span class='ocrx_word' id='word_1_196' title='bbox 427 2733 578 2816; x_wconf 84' lang='lat' dir='ltr'>gratiam</span> <span class='ocrx_word' id='word_1_197' title='bbox 594 2732 665 2797; x_wconf 80' lang='lat' dir='ltr'>Dei.</span> 
     </span>
     <span class='ocr_line' id='line_1_23' title="bbox 232 2857 1093 2945; baseline -0.001 -22"><span class='ocrx_word' id='word_1_198' title='bbox 232 2871 265 2926; x_wconf 92' lang='lat' dir='ltr'>et</span> <span class='ocrx_word' id='word_1_199' title='bbox 281 2859 399 2924; x_wconf 88' lang='lat' dir='ltr'>iterum</span> <span class='ocrx_word' id='word_1_200' title='bbox 416 2859 647 2945; x_wconf 88' lang='lat' dir='ltr'>probationem</span> <span class='ocrx_word' id='word_1_201' title='bbox 664 2859 830 2924; x_wconf 91' lang='lat' dir='ltr'>dictorum</span> <span class='ocrx_word' id='word_1_202' title='bbox 845 2857 1093 2944; x_wconf 87' lang='lat' dir='ltr'>complectens:</span> 
     </span>
     <span class='ocr_line' id='line_1_24' title="bbox 229 2983 1304 3069; baseline -0.003 -19"><span class='ocrx_word' id='word_1_203' title='bbox 229 2987 262 3051; x_wconf 89' lang='lat' dir='ltr'>si</span> <span class='ocrx_word' id='word_1_204' title='bbox 274 2988 360 3051; x_wconf 82' lang='lat' dir='ltr'>enim</span> <span class='ocrx_word' id='word_1_205' title='bbox 367 2998 430 3069; x_wconf 82' lang='lat' dir='ltr'>per</span> <span class='ocrx_word' id='word_1_206' title='bbox 443 2987 540 3069; x_wconf 76' lang='lat' dir='ltr'>legem</span> <span class='ocrx_word' id='word_1_207' title='bbox 557 2985 695 3063; x_wconf 86' lang='lat' dir='ltr'>iustitia,</span> <span class='ocrx_word' id='word_1_208' title='bbox 710 3006 785 3068; x_wconf 80' lang='lat' dir='ltr'>ergo</span> <span class='ocrx_word' id='word_1_209' title='bbox 803 2985 953 3050; x_wconf 72' lang='lat' dir='ltr'>Christus</span> <span class='ocrx_word' id='word_1_210' title='bbox 963 2983 1075 3068; x_wconf 73' lang='lat' dir='ltr'>gratis</span> <span class='ocrx_word' id='word_1_211' title='bbox 1089 2994 1238 3047; x_wconf 84' lang='lat' dir='ltr'>mortuus</span> <span class='ocrx_word' id='word_1_212' title='bbox 1251 2993 1304 3048; x_wconf 86' lang='lat' dir='ltr'>est.</span> 
     </span>
    </p>
   </div>
   <div class='ocr_carea' id='block_1_7' title="bbox 118 3161 1368 3318">
    <p class='ocr_par' dir='ltr' id='par_1_8' title="bbox 118 3161 1368 3318">
     <span class='ocr_line' id='line_1_25' title="bbox 201 3161 1368 3229; baseline -0.002 -15"><span class='ocrx_word' id='word_1_213' title='bbox 201 3181 231 3216; x_wconf 90' lang='lat' dir='ltr'>ro</span> <span class='ocrx_word' id='word_1_214' title='bbox 247 3165 291 3214; x_wconf 89' lang='lat' dir='ltr'>filii</span> <span class='ocrx_word' id='word_1_215' title='bbox 306 3162 411 3228; x_wconf 80' lang='lat' dir='ltr'>C(corr)</span> <span class='ocrx_word' id='word_1_216' title='bbox 521 3175 550 3224; x_wconf 82' lang='lat'>17</span> <span class='ocrx_word' id='word_1_217' title='bbox 569 3162 773 3229; x_wconf 81' lang='lat' dir='ltr'>non(fornunc)</span> <span class='ocrx_word' id='word_1_218' title='bbox 788 3165 810 3214; x_wconf 86' lang='lat' dir='ltr'><em>C</em></span> <span class='ocrx_word' id='word_1_219' title='bbox 819 3164 854 3214; x_wconf 83' lang='lat' dir='ltr'><em>H</em></span> <span class='ocrx_word' id='word_1_220' title='bbox 946 3178 975 3213; x_wconf 78' lang='lat' dir='ltr'>aa</span> <span class='ocrx_word' id='word_1_221' title='bbox 993 3161 1146 3227; x_wconf 87' lang='lat' dir='ltr'>complector</span> <span class='ocrx_word' id='word_1_222' title='bbox 1159 3163 1180 3212; x_wconf 87' lang='lat' dir='ltr'><em>C</em></span> <span class='ocrx_word' id='word_1_223' title='bbox 1189 3161 1236 3212; x_wconf 81' lang='lat' dir='ltr'>H·</span> <span class='ocrx_word' id='word_1_224' title='bbox 1249 3162 1368 3228; x_wconf 68' lang='lat' dir='ltr'>[fonleg.</span> 
     </span>
     <span class='ocr_line' id='line_1_26' title="bbox 118 3247 347 3318; baseline 0 -22"><span class='ocrx_word' id='word_1_225' title='bbox 118 3312 121 3318; x_wconf 28' lang='grc'>1</span> <span class='ocrx_word' id='word_1_226' title='bbox 163 3247 347 3312; x_wconf 85' lang='lat' dir='ltr'>complectitur]</span> 
     </span>
    </p>
   </div>
   <div class='ocr_carea' id='block_1_8' title="bbox 164 3373 1447 4579">
    <p class='ocr_par' dir='ltr' id='par_1_9' title="bbox 165 3373 1447 4175">
     <span class='ocr_line' id='line_1_27' title="bbox 201 3373 1369 3441; baseline -0.002 -14"><span class='ocrx_word' id='word_1_227' title='bbox 201 3393 222 3429; x_wconf 91' lang='lat' dir='ltr'>r.</span> <span class='ocrx_word' id='word_1_228' title='bbox 253 3379 328 3428; x_wconf 79' lang='grc' dir='ltr'>ἰιίνν</span> <span class='ocrx_word' id='word_1_229' title='bbox 348 3375 448 3434; x_wconf 81' lang='lat' dir='ltr'>autem‚’</span> <span class='ocrx_word' id='word_1_230' title='bbox 465 3376 524 3438; x_wconf 76' lang='lat' dir='ltr'>dre]</span> <span class='ocrx_word' id='word_1_231' title='bbox 559 3376 684 3427; x_wconf 81' lang='lat' dir='ltr'>Lanfranc</span> <span class='ocrx_word' id='word_1_232' title='bbox 700 3377 743 3426; x_wconf 78' lang='lat' dir='ltr'>ab·</span> <span class='ocrx_word' id='word_1_233' title='bbox 793 3375 922 3440; x_wconf 83' lang='lat' dir='ltr'>meanings</span> <span class='ocrx_word' id='word_1_234' title='bbox 932 3373 1048 3424; x_wconf 79' lang='lat' dir='ltr'>attached</span> <span class='ocrx_word' id='word_1_235' title='bbox 1060 3381 1087 3424; x_wconf 96' lang='lat' dir='ltr'>to</span> <span class='ocrx_word' id='word_1_236' title='bbox 1098 3374 1160 3437; x_wconf 73' lang='grc' dir='ltr'>σάρξ</span> <span class='ocrx_word' id='word_1_237' title='bbox 1169 3374 1203 3439; x_wconf 89' lang='lat' dir='ltr'>by</span> <span class='ocrx_word' id='word_1_238' title='bbox 1214 3374 1273 3435; x_wconf 73' lang='lat' dir='ltr'>tn,</span> <span class='ocrx_word' id='word_1_239' title='bbox 1286 3391 1369 3441; x_wconf 87' lang='lat' dir='ltr'>comp.</span> 
     </span>
     <span class='ocr_line' id='line_1_28' title="bbox 166 3453 1372 3526; baseline -0.007 -14"><span class='ocrx_word' id='word_1_240' title='bbox 166 3463 289 3513; x_wconf 73' lang='lat' dir='ltr'>breviatos</span> <span class='ocrx_word' id='word_1_241' title='bbox 300 3463 372 3512; x_wconf 83' lang='lat' dir='ltr'>thus:</span> <span class='ocrx_word' id='word_1_242' title='bbox 388 3465 440 3510; x_wconf 71' lang='lat' dir='ltr'>“u.</span> <span class='ocrx_word' id='word_1_243' title='bbox 456 3466 549 3517; x_wconf 75' lang='lat' dir='ltr'>autent,</span> <span class='ocrx_word' id='word_1_244' title='bbox 564 3460 624 3525; x_wconf 79' lang='lat' dir='ltr'>quia</span> <span class='ocrx_word' id='word_1_245' title='bbox 640 3460 665 3510; x_wconf 90' lang='lat' dir='ltr'>in</span> <span class='ocrx_word' id='word_1_246' title='bbox 682 3463 744 3526; x_wconf 84' lang='lat' dir='ltr'>bap-</span> <span class='ocrx_word' id='word_1_247' title='bbox 794 3461 832 3508; x_wconf 85' lang='lat' dir='ltr'>lris</span> <span class='ocrx_word' id='word_1_248' title='bbox 843 3458 953 3508; x_wconf 87' lang='lat' dir='ltr'>remarks</span> <span class='ocrx_word' id='word_1_249' title='bbox 964 3473 997 3507; x_wconf 89' lang='lat' dir='ltr'>ou</span> <span class='ocrx_word' id='word_1_250' title='bbox 1010 3458 1084 3506; x_wconf 88' lang='lat' dir='ltr'>Rom.</span> <span class='ocrx_word' id='word_1_251' title='bbox 1093 3457 1135 3506; x_wconf 83' lang='lat' dir='ltr'>vii.</span> <span class='ocrx_word' id='word_1_252' title='bbox 1149 3469 1179 3520; x_wconf 82' lang='lat'>5:</span> <span class='ocrx_word' id='word_1_253' title='bbox 1195 3453 1276 3517; x_wconf 79' lang='grc' dir='ltr'>ἠθεὶα</span> <span class='ocrx_word' id='word_1_254' title='bbox 1286 3459 1372 3520; x_wconf 71' lang='grc' dir='ltr'>γραφὴ</span> 
     </span>
     <span class='ocr_line' id='line_1_29' title="bbox 166 3537 1447 3601; baseline -0.005 -7"><span class='ocrx_word' id='word_1_255' title='bbox 166 3545 265 3594; x_wconf 80' lang='lat' dir='ltr'>tismate</span> <span class='ocrx_word' id='word_1_256' title='bbox 292 3543 378 3592; x_wconf 85' lang='lat' dir='ltr'>mortis</span> <span class='ocrx_word' id='word_1_257' title='bbox 402 3549 428 3592; x_wconf 90' lang='lat' dir='ltr'>et</span> <span class='ocrx_word' id='word_1_258' title='bbox 454 3541 638 3592; x_wconf 74' lang='lat' dir='ltr'>rerurrectionis</span> <span class='ocrx_word' id='word_1_259' title='bbox 665 3543 745 3592; x_wconf 79' lang='lat' dir='ltr'>sonna</span> <span class='ocrx_word' id='word_1_260' title='bbox 795 3543 831 3601; x_wconf 87' lang='lat' dir='ltr'>(a)</span> <span class='ocrx_word' id='word_1_261' title='bbox 848 3539 963 3599; x_wconf 68' lang='grc' dir='ltr'>ποτὸμὲν</span> <span class='ocrx_word' id='word_1_262' title='bbox 973 3539 1132 3601; x_wconf 69' lang='grc' dir='ltr'>σάμκαλέγει</span> <span class='ocrx_word' id='word_1_263' title='bbox 1146 3537 1277 3600; x_wconf 75' lang='grc' dir='ltr'>τὴνφύσιν</span> <span class='ocrx_word' id='word_1_264' title='bbox 1288 3540 1371 3599; x_wconf 76' lang='grc' dir='ltr'>αὐτήν·</span> <span class='ocrx_word' id='word_1_265' title='bbox 1444 3563 1447 3568; x_wconf 95' lang='grc'><strong><em>·</em></strong></span> 
     </span>
     <span class='ocr_line' id='line_1_30' title="bbox 166 3617 1372 3689; baseline -0.002 -16"><span class='ocrx_word' id='word_1_266' title='bbox 166 3624 290 3689; x_wconf 83' lang='lat' dir='ltr'>impletur.</span> <span class='ocrx_word' id='word_1_267' title='bbox 329 3639 359 3674; x_wconf 76' lang='lat' dir='ltr'>ea</span> <span class='ocrx_word' id='word_1_268' title='bbox 380 3637 445 3688; x_wconf 78' lang='lat' dir='ltr'>quae</span> <span class='ocrx_word' id='word_1_269' title='bbox 464 3624 519 3689; x_wconf 81' lang='lat' dir='ltr'>ipsa</span> <span class='ocrx_word' id='word_1_270' title='bbox 538 3639 565 3673; x_wconf 88' lang='lat' dir='ltr'>re</span> <span class='ocrx_word' id='word_1_271' title='bbox 586 3623 669 3674; x_wconf 82' lang='lat' dir='ltr'>futura</span> <span class='ocrx_word' id='word_1_272' title='bbox 687 3631 744 3674; x_wconf 87' lang='lat' dir='ltr'>sunt</span> <span class='ocrx_word' id='word_1_273' title='bbox 796 3619 828 3684; x_wconf 81' lang='lat' dir='ltr'>(b)</span> <span class='ocrx_word' id='word_1_274' title='bbox 845 3621 908 3669; x_wconf 73' lang='grc' dir='ltr'>,ποτε</span> <span class='ocrx_word' id='word_1_275' title='bbox 924 3619 951 3669; x_wconf 78' lang='lat' dir='ltr'>tt</span> <span class='ocrx_word' id='word_1_276' title='bbox 965 3617 992 3668; x_wconf 84' lang='lat' dir='ltr'>od</span> <span class='ocrx_word' id='word_1_277' title='bbox 1007 3623 1052 3680; x_wconf 78' lang='grc' dir='ltr'>τὴν</span> <span class='ocrx_word' id='word_1_278' title='bbox 1068 3619 1140 3680; x_wconf 80' lang='grc' dir='ltr'>φύσιν</span> <span class='ocrx_word' id='word_1_279' title='bbox 1151 3619 1242 3680; x_wconf 73' lang='grc' dir='ltr'>ἅπλῶς,</span> <span class='ocrx_word' id='word_1_280' title='bbox 1257 3617 1309 3669; x_wconf 80' lang='grc' dir='ltr'>ἀλλ’</span> <span class='ocrx_word' id='word_1_281' title='bbox 1322 3619 1372 3670; x_wconf 71' lang='lat' dir='ltr'>del</span> 
     </span>
     <span class='ocr_line' id='line_1_31' title="bbox 166 3697 1371 3770; baseline -0.003 -16"><span class='ocrx_word' id='word_1_282' title='bbox 166 3705 231 3754; x_wconf 79' lang='lat' dir='ltr'>lactu</span> <span class='ocrx_word' id='word_1_283' title='bbox 242 3704 292 3754; x_wconf 77' lang='lat' dir='ltr'>ium</span> <span class='ocrx_word' id='word_1_284' title='bbox 308 3703 376 3763; x_wconf 85' lang='lat' dir='ltr'>dicit,</span> <span class='ocrx_word' id='word_1_285' title='bbox 395 3703 455 3768; x_wconf 79' lang='lat' dir='ltr'>quia</span> <span class='ocrx_word' id='word_1_286' title='bbox 470 3719 556 3754; x_wconf 84' lang='lat' dir='ltr'>eorum</span> <span class='ocrx_word' id='word_1_287' title='bbox 572 3702 648 3755; x_wconf 85' lang='lat' dir='ltr'>habet</span> <span class='ocrx_word' id='word_1_288' title='bbox 665 3719 744 3770; x_wconf 84' lang='lat' dir='ltr'>spem.</span> <span class='ocrx_word' id='word_1_289' title='bbox 794 3701 836 3762; x_wconf 76' lang='grc' dir='ltr'>τῆς</span> <span class='ocrx_word' id='word_1_290' title='bbox 848 3699 995 3763; x_wconf 75' lang='grc' dir='ltr'>θνητότητοι</span> <span class='ocrx_word' id='word_1_291' title='bbox 1007 3701 1080 3751; x_wconf 74' lang='grc' dir='ltr'><strong>οὕτως</strong></span> <span class='ocrx_word' id='word_1_292' title='bbox 1090 3703 1166 3763; x_wconf 79' lang='grc' dir='ltr'>αὐτὴν</span> <span class='ocrx_word' id='word_1_293' title='bbox 1176 3697 1318 3762; x_wconf 73' lang='grc' dir='ltr'>ὀνομάζει...</span> <span class='ocrx_word' id='word_1_294' title='bbox 1338 3703 1371 3765; x_wconf 87' lang='lat' dir='ltr'>(c)</span> 
     </span>
     <span class='ocr_line' id='line_1_32' title="bbox 166 3781 1372 3850; baseline -0.001 -17"><span class='ocrx_word' id='word_1_295' title='bbox 166 3784 234 3834; x_wconf 78' lang='lat' dir='ltr'>uiur&#39;t</span> <span class='ocrx_word' id='word_1_296' title='bbox 249 3791 331 3834; x_wconf 82' lang='lat' dir='ltr'>autem</span> <span class='ocrx_word' id='word_1_297' title='bbox 349 3785 378 3833; x_wconf 82' lang='lat' dir='ltr'>in&#39;</span> <span class='ocrx_word' id='word_1_298' title='bbox 394 3799 433 3834; x_wconf 84' lang='lat' dir='ltr'>me</span> <span class='ocrx_word' id='word_1_299' title='bbox 454 3784 523 3845; x_wconf 69' lang='lat' dir='ltr'>Chr„</span> <span class='ocrx_word' id='word_1_300' title='bbox 545 3785 664 3850; x_wconf 79' lang='lat' dir='ltr'>quoniam</span> <span class='ocrx_word' id='word_1_301' title='bbox 679 3785 745 3834; x_wconf 77' lang='lat' dir='ltr'>illius</span> <span class='ocrx_word' id='word_1_302' title='bbox 794 3787 861 3834; x_wconf 70' lang='grc' dir='ltr'>ἔστιν</span> <span class='ocrx_word' id='word_1_303' title='bbox 872 3785 950 3834; x_wconf 70' lang='lat' dir='ltr'>olore</span> <span class='ocrx_word' id='word_1_304' title='bbox 961 3785 1000 3833; x_wconf 76' lang='lat' dir='ltr'>rol</span> <span class='ocrx_word' id='word_1_305' title='bbox 1011 3786 1039 3833; x_wconf 76' lang='grc' dir='ltr'>τὸ</span> <span class='ocrx_word' id='word_1_306' title='bbox 1051 3783 1127 3834; x_wconf 72' lang='grc' dir='ltr'>πάθος</span> <span class='ocrx_word' id='word_1_307' title='bbox 1140 3785 1199 3833; x_wconf 78' lang='grc' dir='ltr'>αὐτὸ</span> <span class='ocrx_word' id='word_1_308' title='bbox 1215 3781 1292 3846; x_wconf 72' lang='grc' dir='ltr'>σάρκα</span> <span class='ocrx_word' id='word_1_309' title='bbox 1308 3785 1372 3833; x_wconf 72' lang='grc' dir='ltr'>οἶδεν</span> 
     </span>
     <span class='ocr_line' id='line_1_33' title="bbox 166 3864 1372 3932; baseline -0.002 -15"><span class='ocrx_word' id='word_1_310' title='bbox 166 3867 244 3918; x_wconf 82' lang='lat' dir='ltr'>uitam</span> <span class='ocrx_word' id='word_1_311' title='bbox 261 3867 391 3917; x_wconf 79' lang='lat' dir='ltr'>mortalem</span> <span class='ocrx_word' id='word_1_312' title='bbox 407 3882 452 3932; x_wconf 86' lang='lat' dir='ltr'>spe</span> <span class='ocrx_word' id='word_1_313' title='bbox 468 3865 556 3916; x_wconf 63' lang='lat' dir='ltr'>utuuss’</span> <span class='ocrx_word' id='word_1_314' title='bbox 590 3867 644 3916; x_wconf 78' lang='lat' dir='ltr'>Can</span> <span class='ocrx_word' id='word_1_315' title='bbox 656 3874 697 3930; x_wconf 57' lang='lat' dir='ltr'>sp</span> <span class='ocrx_word' id='word_1_316' title='bbox 712 3869 744 3916; x_wconf 91' lang='lat' dir='ltr'>be</span> <span class='ocrx_word' id='word_1_317' title='bbox 795 3866 914 3915; x_wconf 76' lang='grc' dir='ltr'>καλεῖν</span> <span class='ocrx_word' id='word_1_318' title='bbox 937 3865 976 3925; x_wconf 81' lang='lat' dir='ltr'>(d)</span> <span class='ocrx_word' id='word_1_319' title='bbox 997 3867 1038 3914; x_wconf 78' lang='lat' dir='ltr'>rot</span> <span class='ocrx_word' id='word_1_320' title='bbox 1056 3867 1104 3926; x_wconf 69' lang='lat' dir='ltr'>priv</span> <span class='ocrx_word' id='word_1_321' title='bbox 1122 3865 1163 3914; x_wconf 77' lang='lat' dir='ltr'>nul</span> <span class='ocrx_word' id='word_1_322' title='bbox 1179 3867 1209 3915; x_wconf 83' lang='lat' dir='ltr'>rl</span> <span class='ocrx_word' id='word_1_323' title='bbox 1226 3864 1372 3929; x_wconf 73' lang='grc' dir='ltr'>πρόσκαιρον</span> 
     </span>
     <span class='ocr_line' id='line_1_34' title="bbox 165 3945 1370 4012; baseline 0 -14"><span class='ocrx_word' id='word_1_324' title='bbox 165 3965 199 3999; x_wconf 86' lang='lat' dir='ltr'>an</span> <span class='ocrx_word' id='word_1_325' title='bbox 218 3965 285 3999; x_wconf 83' lang='lat' dir='ltr'>error</span> <span class='ocrx_word' id='word_1_326' title='bbox 301 3948 340 3998; x_wconf 84' lang='lat' dir='ltr'>lor</span> <span class='ocrx_word' id='word_1_327' title='bbox 356 3949 427 4012; x_wconf 79' lang='lat' dir='ltr'>ipsc?</span> <span class='ocrx_word' id='word_1_328' title='bbox 459 3949 529 3998; x_wconf 80' lang='lat' dir='ltr'>Isso</span> <span class='ocrx_word' id='word_1_329' title='bbox 545 3949 595 3999; x_wconf 84' lang='lat' dir='ltr'>and</span> <span class='ocrx_word' id='word_1_330' title='bbox 615 3947 744 3998; x_wconf 74' lang='lat' dir='ltr'>mortalem</span> <span class='ocrx_word' id='word_1_331' title='bbox 794 3945 1071 3998; x_wconf 66' lang='lat' dir='ltr'>xatettatnvmtm.</span> <span class='ocrx_word' id='word_1_332' title='bbox 1105 3948 1137 3997; x_wconf 89' lang='lat' dir='ltr'>ln</span> <span class='ocrx_word' id='word_1_333' title='bbox 1152 3948 1225 3998; x_wconf 88' lang='lat' dir='ltr'>Rom.</span> <span class='ocrx_word' id='word_1_334' title='bbox 1240 3948 1320 4011; x_wconf 84' lang='lat' dir='ltr'>viii.5</span> <span class='ocrx_word' id='word_1_335' title='bbox 1338 3949 1370 3998; x_wconf 88' lang='lat' dir='ltr'>he</span> 
     </span>
     <span class='ocr_line' id='line_1_35' title="bbox 166 4027 1371 4096; baseline -0.002 -16"><span class='ocrx_word' id='word_1_336' title='bbox 166 4031 186 4080; x_wconf 77' lang='lat' dir='ltr'>&#39;ur</span> <span class='ocrx_word' id='word_1_337' title='bbox 199 4030 272 4094; x_wconf 78' lang='lat' dir='ltr'>right,</span> <span class='ocrx_word' id='word_1_338' title='bbox 286 4031 329 4081; x_wconf 88' lang='lat' dir='ltr'>the</span> <span class='ocrx_word' id='word_1_339' title='bbox 340 4031 457 4096; x_wconf 74' lang='lat' dir='ltr'>meaning</span> <span class='ocrx_word' id='word_1_340' title='bbox 472 4031 493 4082; x_wconf 87' lang='lat' dir='ltr'>is</span> <span class='ocrx_word' id='word_1_341' title='bbox 505 4032 558 4081; x_wconf 81' lang='lat' dir='ltr'>that</span> <span class='ocrx_word' id='word_1_342' title='bbox 573 4031 657 4082; x_wconf 88' lang='lat' dir='ltr'>Christ</span> <span class='ocrx_word' id='word_1_343' title='bbox 669 4031 743 4080; x_wconf 87' lang='lat' dir='ltr'>Him-</span> <span class='ocrx_word' id='word_1_344' title='bbox 794 4029 906 4094; x_wconf 81' lang='lat' dir='ltr'>explains</span> <span class='ocrx_word' id='word_1_345' title='bbox 918 4030 940 4078; x_wconf 90' lang='lat' dir='ltr'>ol</span> <span class='ocrx_word' id='word_1_346' title='bbox 951 4027 1103 4091; x_wconf 34' lang='grc' dir='ltr'>κατὰισάρκιι</span> <span class='ocrx_word' id='word_1_347' title='bbox 1114 4030 1179 4080; x_wconf 77' lang='grc' dir='ltr'>ὄντες</span> <span class='ocrx_word' id='word_1_348' title='bbox 1190 4031 1273 4080; x_wconf 84' lang='lat' dir='ltr'>as=ol</span> <span class='ocrx_word' id='word_1_349' title='bbox 1289 4031 1371 4090; x_wconf 70' lang='grc' dir='ltr'>θνητοὶ</span> 
     </span>
     <span class='ocr_line' id='line_1_36' title="bbox 165 4107 930 4175; baseline -0.003 -15"><span class='ocrx_word' id='word_1_350' title='bbox 165 4110 216 4160; x_wconf 80' lang='lat' dir='ltr'>seli</span> <span class='ocrx_word' id='word_1_351' title='bbox 223 4126 275 4160; x_wconf 81' lang='lat' dir='ltr'>was</span> <span class='ocrx_word' id='word_1_352' title='bbox 285 4109 364 4175; x_wconf 80' lang='lat' dir='ltr'>living</span> <span class='ocrx_word' id='word_1_353' title='bbox 374 4111 417 4160; x_wconf 85' lang='lat' dir='ltr'>the</span> <span class='ocrx_word' id='word_1_354' title='bbox 428 4109 504 4174; x_wconf 78' lang='lat' dir='ltr'>Ap.’s</span> <span class='ocrx_word' id='word_1_355' title='bbox 516 4110 606 4159; x_wconf 82' lang='lat' dir='ltr'>mortal</span> <span class='ocrx_word' id='word_1_356' title='bbox 617 4109 668 4159; x_wconf 83' lang='lat' dir='ltr'>lit&#39;e.</span> <span class='ocrx_word' id='word_1_357' title='bbox 693 4111 743 4160; x_wconf 91' lang='lat' dir='ltr'>But</span> <span class='ocrx_word' id='word_1_358' title='bbox 793 4107 930 4170; x_wconf 69' lang='grc' dir='ltr'>τὴνφύσιν.</span> 
     </span>
    </p>

    <p class='ocr_par' dir='ltr' id='par_1_10' title="bbox 165 4189 1371 4258">
     <span class='ocr_line' id='line_1_37' title="bbox 165 4189 1371 4258; baseline 0.003 -20"><span class='ocrx_word' id='word_1_359' title='bbox 165 4190 207 4240; x_wconf 82' lang='lat' dir='ltr'>illi</span> <span class='ocrx_word' id='word_1_360' title='bbox 232 4191 332 4241; x_wconf 79' lang='lat' dir='ltr'>inmort.</span> <span class='ocrx_word' id='word_1_361' title='bbox 357 4189 378 4239; x_wconf 89' lang='lat' dir='ltr'>is</span> <span class='ocrx_word' id='word_1_362' title='bbox 404 4189 570 4254; x_wconf 84' lang='lat' dir='ltr'>intelligible;</span> <span class='ocrx_word' id='word_1_363' title='bbox 596 4189 628 4240; x_wconf 85' lang='lat' dir='ltr'>ci.</span> <span class='ocrx_word' id='word_1_364' title='bbox 654 4189 743 4241; x_wconf 88' lang='lat' dir='ltr'>Thdt.:</span> <span class='ocrx_word' id='word_1_365' title='bbox 830 4207 866 4257; x_wconf 85' lang='lat'>17·</span> <span class='ocrx_word' id='word_1_366' title='bbox 885 4191 952 4256; x_wconf 86' lang='lat' dir='ltr'>quod</span> <span class='ocrx_word' id='word_1_367' title='bbox 959 4191 1152 4254; x_wconf 68' lang='lat' dir='ltr'>autmd,&amp;u]</span> <span class='ocrx_word' id='word_1_368' title='bbox 1169 4195 1185 4220; x_wconf 82' lang='lat'>‘⁴</span> <span class='ocrx_word' id='word_1_369' title='bbox 1196 4193 1245 4244; x_wconf 90' lang='lat' dir='ltr'>His</span> <span class='ocrx_word' id='word_1_370' title='bbox 1254 4194 1371 4258; x_wconf 77' lang='lat' dir='ltr'>meaning</span> 
     </span>
    </p>

    <p class='ocr_par' dir='ltr' id='par_1_11' title="bbox 164 4269 1369 4339">
     <span class='ocr_line' id='line_1_38' title="bbox 164 4269 1369 4339; baseline 0.002 -17"><span class='ocrx_word' id='word_1_371' title='bbox 164 4275 245 4336; x_wconf 73' lang='grc' dir='ltr'><strong><em>τούτῳ</em></strong></span> <span class='ocrx_word' id='word_1_372' title='bbox 255 4272 412 4333; x_wconf 74' lang='grc' dir='ltr'>πολιτεύομαι</span> <span class='ocrx_word' id='word_1_373' title='bbox 427 4272 455 4323; x_wconf 78' lang='grc' dir='ltr'>οὕ</span> <span class='ocrx_word' id='word_1_374' title='bbox 469 4273 605 4337; x_wconf 73' lang='grc' dir='ltr'>περίκειμαι</span> <span class='ocrx_word' id='word_1_375' title='bbox 615 4269 660 4334; x_wconf 80' lang='grc' dir='ltr'>τὴν</span> <span class='ocrx_word' id='word_1_376' title='bbox 670 4275 740 4338; x_wconf 68' lang='grc' dir='ltr'>ζωήν.</span> <span class='ocrx_word' id='word_1_377' title='bbox 793 4275 822 4334; x_wconf 80' lang='lat' dir='ltr'>is,</span> <span class='ocrx_word' id='word_1_378' title='bbox 842 4273 856 4323; x_wconf 93' lang='grc' dir='ltr'>Ι</span> <span class='ocrx_word' id='word_1_379' title='bbox 872 4289 914 4322; x_wconf 83' lang='lat' dir='ltr'>am</span> <span class='ocrx_word' id='word_1_380' title='bbox 933 4289 991 4323; x_wconf 84' lang='lat' dir='ltr'>now</span> <span class='ocrx_word' id='word_1_381' title='bbox 1010 4273 1089 4338; x_wconf 84' lang='lat' dir='ltr'>living</span> <span class='ocrx_word' id='word_1_382' title='bbox 1105 4273 1131 4324; x_wconf 91' lang='lat' dir='ltr'>in</span> <span class='ocrx_word' id='word_1_383' title='bbox 1148 4273 1191 4324; x_wconf 85' lang='lat' dir='ltr'>the</span> <span class='ocrx_word' id='word_1_384' title='bbox 1208 4275 1277 4334; x_wconf 86' lang='lat' dir='ltr'>flesh,</span> <span class='ocrx_word' id='word_1_385' title='bbox 1295 4283 1338 4339; x_wconf 84' lang='lat' dir='ltr'>yet</span> <span class='ocrx_word' id='word_1_386' title='bbox 1357 4277 1369 4324; x_wconf 94' lang='lat'>1</span> 
     </span>
    </p>

    <p class='ocr_par' dir='ltr' id='par_1_12' title="bbox 167 4353 1370 4500">
     <span class='ocr_line' id='line_1_39' title="bbox 167 4353 1370 4421; baseline 0 -17"><span class='ocrx_word' id='word_1_387' title='bbox 167 4357 234 4406; x_wconf 77' lang='lat' dir='ltr'>Pitra</span> <span class='ocrx_word' id='word_1_388' title='bbox 245 4355 338 4420; x_wconf 78' lang='lat' dir='ltr'>prefers</span> <span class='ocrx_word' id='word_1_389' title='bbox 349 4355 396 4405; x_wconf 80' lang='lat' dir='ltr'>ille.</span> <span class='ocrx_word' id='word_1_390' title='bbox 794 4357 843 4406; x_wconf 86' lang='lat' dir='ltr'>live</span> <span class='ocrx_word' id='word_1_391' title='bbox 853 4357 888 4420; x_wconf 83' lang='lat' dir='ltr'>by</span> <span class='ocrx_word' id='word_1_392' title='bbox 899 4355 968 4416; x_wconf 74' lang='lat' dir='ltr'>saith,</span> <span class='ocrx_word' id='word_1_393' title='bbox 983 4353 1045 4406; x_wconf 81' lang='lat' dir='ltr'><strong>&amp;c.”</strong></span> <span class='ocrx_word' id='word_1_394' title='bbox 1063 4355 1085 4421; x_wconf 82' lang='lat' dir='ltr'>(d</span> <span class='ocrx_word' id='word_1_395' title='bbox 1100 4357 1125 4405; x_wconf 77' lang='lat' dir='ltr'>dl</span> <span class='ocrx_word' id='word_1_396' title='bbox 1141 4357 1214 4414; x_wconf 75' lang='grc' dir='ltr'>εἶπεν,</span> <span class='ocrx_word' id='word_1_397' title='bbox 1231 4358 1313 4406; x_wconf 76' lang='grc' dir='ltr'>τοῦτο·</span> <span class='ocrx_word' id='word_1_398' title='bbox 1333 4357 1370 4405; x_wconf 78' lang='grc' dir='ltr'>ὅτι</span> 
     </span>
     <span class='ocr_line' id='line_1_40' title="bbox 200 4430 1300 4500; baseline -0.004 -14"><span class='ocrx_word' id='word_1_399' title='bbox 200 4452 238 4486; x_wconf 78' lang='lat'>12·</span> <span class='ocrx_word' id='word_1_400' title='bbox 266 4452 365 4486; x_wconf 74' lang='lat' dir='ltr'>cmm</span> <span class='ocrx_word' id='word_1_401' title='bbox 375 4443 482 4486; x_wconf 77' lang='lat' dir='ltr'>comuele</span> <span class='ocrx_word' id='word_1_402' title='bbox 492 4443 542 4500; x_wconf 76' lang='lat' dir='ltr'>pro</span> <span class='ocrx_word' id='word_1_403' title='bbox 552 4435 744 4497; x_wconf 58' lang='lat' dir='ltr'>mortalitatem]</span> <span class='ocrx_word' id='word_1_404' title='bbox 794 4437 833 4484; x_wconf 73' lang='grc' dir='ltr'>νῦν</span> <span class='ocrx_word' id='word_1_405' title='bbox 845 4437 878 4499; x_wconf 66' lang='grc' dir='ltr'><em>ζῦ</em></span> <span class='ocrx_word' id='word_1_406' title='bbox 889 4435 914 4484; x_wconf 72' lang='grc' dir='ltr'>ἐν</span> <span class='ocrx_word' id='word_1_407' title='bbox 925 4434 1004 4495; x_wconf 72' lang='lat' dir='ltr'>capet,</span> <span class='ocrx_word' id='word_1_408' title='bbox 1018 4430 1050 4490; x_wconf 71' lang='grc' dir='ltr'><em>ζῶ</em></span> <span class='ocrx_word' id='word_1_409' title='bbox 1062 4435 1088 4483; x_wconf 75' lang='grc' dir='ltr'>δὲ</span> <span class='ocrx_word' id='word_1_410' title='bbox 1099 4437 1188 4494; x_wconf 69' lang='grc' dir='ltr'>πίστει,</span> <span class='ocrx_word' id='word_1_411' title='bbox 1203 4436 1300 4494; x_wconf 82' lang='grc' dir='ltr'>κ.τ,λ.).</span> 
     </span>
    </p>

    <p class='ocr_par' dir='ltr' id='par_1_13' title="bbox 165 4515 743 4579">
     <span class='ocr_line' id='line_1_41' title="bbox 165 4515 743 4579; baseline -0.003 -13"><span class='ocrx_word' id='word_1_412' title='bbox 165 4521 214 4566; x_wconf 67' lang='lat' dir='ltr'>See</span> <span class='ocrx_word' id='word_1_413' title='bbox 226 4517 268 4566; x_wconf 87' lang='lat' dir='ltr'>the</span> <span class='ocrx_word' id='word_1_414' title='bbox 280 4532 369 4566; x_wconf 90' lang='lat' dir='ltr'>comm.</span> <span class='ocrx_word' id='word_1_415' title='bbox 383 4533 416 4566; x_wconf 90' lang='lat' dir='ltr'>on</span> <span class='ocrx_word' id='word_1_416' title='bbox 429 4533 468 4564; x_wconf 79' lang='lat' dir='ltr'>vv.</span> <span class='ocrx_word' id='word_1_417' title='bbox 481 4531 518 4579; x_wconf 77' lang='lat'>15,</span> <span class='ocrx_word' id='word_1_418' title='bbox 531 4515 574 4576; x_wconf 71' lang='lat'>163</span> <span class='ocrx_word' id='word_1_419' title='bbox 591 4517 640 4566; x_wconf 78' lang='lat' dir='ltr'>and</span> <span class='ocrx_word' id='word_1_420' title='bbox 653 4516 690 4566; x_wconf 83' lang='lat' dir='ltr'>sor</span> <span class='ocrx_word' id='word_1_421' title='bbox 701 4517 743 4565; x_wconf 88' lang='lat' dir='ltr'>the</span> 
     </span>
    </p>
   </div>
   <div class='ocr_carea' id='block_1_9' title="bbox 1201 4627 1283 4692">
    <p class='ocr_par' dir='ltr' id='par_1_14' title="bbox 1201 4627 1283 4692">
     <span class='ocr_line' id='line_1_42' title="bbox 1201 4627 1283 4692; baseline 0 -20"><span class='ocrx_word' id='word_1_422' title='bbox 1201 4627 1283 4692; x_wconf 79' lang='lat'>3-2</span> 
     </span>
    </p>
   </div>
   <div class='ocr_carea' id='block_1_10' title="bbox 0 0 1676 5224">
    <p class='ocr_par' dir='ltr' id='par_1_15' title="bbox 0 0 1676 5224">
     <span class='ocr_line' id='line_1_43' title="bbox 0 0 1676 5224; baseline 0 0"><span class='ocrx_word' id='word_1_423' title='bbox 0 0 1676 5224; x_wconf 95' lang='lat' dir='ltr'> </span> 
     </span>
    </p>
   </div>
  </div>
 </body>
</html>
