3332 5210
175 425 353 511 1.13,14.]
573 441 614 492 ru
640 441 693 493 nr.
717 442 768 492 nn
791 439 979 495 annexos.
1319 439 1378 510 133

171 609 389 676 omniabona
404 627 491 697 quae
506 623 728 696 expectantur
750 613 784 678 in
807 615 917 679 futuro
932 609 1065 678 saeculo
1086 614 1203 679 adesse
1217 611 1379 679 credenti·

172 715 236 778 bus
274 713 418 798 Spiritus
451 717 557 780 sancti
588 718 842 800 participatione
872 715 1122 799 expectantur!
1174 717 1260 782 sicut
1289 717 1378 782 enim

172 827 208 881 et
229 817 264 880 in
279 807 501 900 superioribus
523 821 680 896 diximus,
703 821 862 903 quoniam
884 821 928 884 de
953 819 1005 884 his
1031 840 1118 903 quae
1141 819 1277 903 potituri
1301 829 1381 886 sunt

173 921 427 1002 promissionem
465 923 682 1006 accipiebant,
720 925 753 990 in
791 945 859 1006 qua
895 925 1011 988 ordine
1047 924 1267 1007 primitiarum
1305 944 1379 1007 par·

174 1020 310 1086 ticulam
335 1024 505 1105 quandam
531 1025 659 1106 gratiae
683 1025 717 1088 in
743 1025 909 1107 praesenti
933 1026 1002 1089 uita
1025 1026 1067 1089 ad
1092 1023 1379 1090 confirmationem
1417 1040 1433 1108 5

173 1121 358 1187 futurorum
397 1127 632 1208 percipiebant,
663 1126 748 1190 sicut
786 1135 820 1189 et
856 1125 1028 1208 apostolus
1067 1126 1230 1190 Romanis
1267 1125 1381 1191 scribit

172 1221 308 1286 dicens:
330 1245 392 1288 nort
413 1227 516 1289 solum
537 1237 655 1302 autem,
675 1225 733 1290 sed
750 1236 782 1290 et
800 1226 864 1309 ipsi
877 1227 1050 1309 primitias
1066 1226 1213 1310 Spiritus
1225 1225 1381 1301 habentes,

172 1334 205 1387 ct
233 1325 297 1408 ipsi
320 1326 357 1390 ἐκ
384 1328 475 1392 nobis
504 1330 583 1412 ipsis
611 1329 852 1413 ingemiscimus
870 1329 1024 1413 filiorum
1052 1330 1251 1412 adoptionem
1280 1340 1382 1411 aspec-

173 1437 286 1506 tantes,
310 1430 554 1514 redemptionem
577 1433 717 1515 corporis
742 1431 854 1496 nostri.
899 1433 987 1495 unde
1014 1432 1093 1496 illud
1117 1442 1151 1497 et
1174 1430 1381 1495 manifestius

170 1529 363 1612 ,explanans
393 1534 534 1597 adiecit:
566 1533 626 1615 qui
649 1543 697 1597 est
721 1554 803 1596 arra
824 1533 1013 1597 hereditatis
1035 1543 1185 1607 nostrar,·
1215 1531 1381 1615 ‘†heredi-
1399 1537 1439 1584 10

173 1632 298 1695 -tatem’
314 1635 449 1716 quidem
471 1635 561 1698 illam
580 1635 769 1698 fruitionem
788 1655 875 1717 quae
893 1643 973 1697 tunc
996 1635 1057 1698 erit
1073 1655 1206 1710 uocans,
1227 1653 1267 1696 eo
1290 1633 1381 1715 quod

174 1743 210 1796 et
239 1733 333 1799 firme
359 1737 422 1800 illis
452 1739 603 1816 dabitur;
633 1739 777 1801 ‘arram'
803 1758 882 1801 uero
910 1736 1113 1814 hereditatis,
1138 1739 1263 1802 donum
1291 1740 1382 1818 quod

174 1833 229 1898 hic
253 1839 429 1918 praebetur
454 1840 535 1905 dicit
559 1839 713 1924 Spiritus,
739 1840 893 1922 eoquod
924 1840 968 1902 de
997 1838 1116 1902 futuris
1145 1839 1383 1921 promissiones

175 1939 385 2021 accipientes,
407 1952 441 2006 et
463 1942 645 2026 perfectam
674 1941 818 2025 Spiritus
841 1952 1060 2025 expectantes
1082 1943 1383 2026 participationem,

174 2043 316 2126 exiguas
341 2047 514 2128 quasdam,
541 2047 625 2111 sicut
654 2046 737 2123 dixi,
767 2047 931 2130 primitias
966 2047 999 2108 in
1030 2047 1196 2128 praesenti
1234 2044 1383 2130 accipere
1401 2064 1436 2130 15

175 2147 403 2226 uidebantur?
424 2149 513 2233 quod
538 2159 572 2214 ct
595 2150 745 2213 ordinem
765 2171 858 2214 arrae
875 2149 1026 2213 obtinere
1052 2149 1249 2226 uidebatur;
1270 2171 1383 2214 neces·

177 2249 263 2315 sarie
283 2271 343 2333 per
362 2251 444 2316 illud
464 2252 555 2337 quod
571 2254 715 2317 dabatur
730 2252 779 2317 eis
799 2253 866 2316 iam
885 2251 962 2316 hinc
978 2254 1235 2335 expectantibus
1252 2263 1286 2318 et
1300 2253 1382 2316 illud

174 2351 266 2434 quod
289 2353 473 2436 perfectum
494 2365 545 2419 est
563 2363 714 2436 tempore
731 2354 794 2418 sibi
812 2353 912 2417 tribui
935 2354 1148 2437 competenti.
1192 2353 1384 2418 ‘audientes

176 2476 256 2540 ergo
286 2475 347 2520 uos
380 2468 414 2523 et
447 2460 629 2531 credentes,
663 2458 706 2521 de
737 2457 856 2522 futuris
892 2459 1147 2540 promissionem
1182 2457 1384 2541 percepistis,

176 2651 286 2737 ἐπειδὴ
307 2652 418 2721 πάντα
437 2655 479 2721 τὰ
500 2655 752 2739 προσδοκώμενα
773 2654 884 2727 αὐτοῖς
909 2655 965 2722 ἐπὶ
988 2659 1047 2724 τοῦ
1069 2654 1247 2738 μέλλοντος
1272 2653 1384 2726 αἰῶνος
1397 2675 1441 2724 20

177 2753 364 2843 πρόσεοται
379 2756 488 2841 ἀγαθὰ
503 2761 543 2842 τῇ
557 2763 615 2824 τοῦ
629 2756 809 2842 πνεύματος
822 2757 990 2846 μετουσίᾳ.

243 2860 501 2943 κληρονομίαν
523 2864 587 2927 τῶν
609 2859 683 2927 τότε
705 2864 800 2926 καλεῖ
820 2857 879 2940 τὴν
899 2858 1088 2926 ἀπόλαυσιν
1102 2857 1160 2924 ότι
1182 2857 1221 2940 δὴ
1235 2859 1385 2938 βεβαίως

178 2959 286 3033 αὐτοῖς
297 2961 475 3045 διδομένων·
487 2962 691 3051 ἀρραβῶνα
706 2962 740 3029 δὲ
755 2967 812 3045 τῆς
827 2963 1052 3046 κληρονομίας,
1067 2960 1127 3041 τὴν
1138 2960 1278 3027 ἐνταῦθα
1293 2958 1385 3025 δόσιν

178 3067 236 3130 τοῦ
257 3063 446 3145 πνεύματος,
467 3065 577 3147 ἐπειδὴ
600 3065 657 3134 τὰς
679 3066 755 3151 περὶ
777 3066 842 3130 τῶν
861 3062 1050 3150 μελλόντων
1072 3063 1271 3146 ἐπαγγελίας
1295 3060 1386 3152 δεχό-

176 3191 268 3250 μενοι
297 3161 355 3232 καί
380 3164 439 3250 τὴν
468 3167 596 3235 τελείαν
625 3171 684 3233 τοῦ
713 3166 894 3250 πνεύματος
922 3164 1167 3253 προσδοκῶντες
1199 3163 1386 3243 μετάδοσιν,
1399 3173 1439 3242 25

177 3266 340 3358 βραχεῖάν
355 3296 436 3349 τινα,
453 3267 565 3359 ὥσπερ
581 3267 636 3337 οὖν
651 3269 750 3349 εἶπον,
767 3267 924 3358 ἀπαρχὴν
935 3272 992 3334 τοῦ
1006 3265 1169 3353 παρόντος
1187 3265 1385 3350 ἐλάμβανον.

230 3477 252 3522 t.
265 3480 279 3514 ο
296 3472 455 3530 expectamus
463 3465 495 3514 H
500 3463 553 3530 (tis)
565 3465 698 3516 creduntur
711 3463 755 3529 (αθ)
767 3465 874 3526 Cicorr)
939 3479 955 3523 4
971 3461 1084 3512 ordinem
1098 3461 1121 3512 C
1124 3459 1171 3511 ‘H
1235 3475 1266 3524 13
1283 3461 1385 3525 praebet

180 3543 225 3609 Sp.
238 3545 263 3594 d.
276 3545 310 3595 H
318 3545 323 3610 Ι
337 3547 506 3610 promissionis
520 3545 557 3597 θ’
579 3547 784 3611 promissionibus
798 3543 904 3610 Cicer-r)
974 3556 1003 3606 14
1018 3543 1162 3609 accipientis
1176 3540 1212 3592 θ’
1228 3539 1233 3608 Ι
1246 3557 1276 3592 cx
1289 3541 1345 3606 (sor
1351 3539 1386 3605 et)

183 3625 257 3677 C'H
342 3640 372 3694 ¹9
387 3635 413 3678 et
425 3625 473 3692 (afr
481 3629 551 3694 ergo)
562 3629 648 3679 addc
733 3644 761 3679 ar
783 3627 920 3691 προσέσθαι
928 3625 972 3676 Cr.
988 3637 992 3645 ’

213 3789 238 3841 6.
270 3791 335 3840 sicut
351 3797 375 3840 et
395 3799 437 3856 ap.
458 3793 530 3842 Rom.
555 3790 649 3854 scribit]
682 3793 759 3842 Rom.
809 3788 890 3853 Taps.
914 3787 1001 3838 stands
1028 3787 1101 3838 alone
1127 3801 1220 3849 among
1244 3785 1287 3836 the
1312 3785 1388 3836 Latin

181 3872 272 3936 viii.a3
279 3872 570 3940 ;citedalsoabove,pp.
580 3877 620 3938 38,
629 3873 669 3936 56,
677 3873 760 3923 where
808 3867 901 3918 fathers
923 3868 949 3917 in
968 3868 1010 3919 the
1029 3883 1074 3917 use
1088 3867 1118 3917 of
1130 3883 1192 3916 arra
1211 3867 1238 3915 in
1257 3866 1307 3916 this
1325 3873 1387 3916 text.

180 3963 312 4004 seenotes.
810 3949 1100 4011 Cf.Sabatier,adlt.I.;
1117 3948 1307 4012 andseep.43‚
1319 3945 1337 3995 1.
1349 3961 1388 4006 ιο,

217 4054 254 4089 ιο.
289 4040 334 4104 qui
348 4046 383 4089 est
399 4038 472 4101 arra]
504 4037 535 4088 dr
554 4041 621 4088 ἐστιν
639 4039 756 4100 ἀρραβών.
809 4044 876 4085 note.

183 4123 217 4173 So
226 4120 422 4185 Chrys.‚Thdt·.
430 4121 585 4184 Oec.;“qui
596 4129 632 4170 est
644 4118 760 4185 pignus,”
846 4114 885 4165 16.
917 4113 1027 4164 ordimm
1044 4129 1119 4161 arrae
1132 4112 1237 4162 obtinere
1252 4110 1316 4172 uid]
1348 4107 1388 4173 δρ-

182 4201 258 4268 Vulg.
293 4202 325 4251 In
347 4201 390 4251 the
412 4207 465 4251 text
487 4201 583 4264 (supra,
603 4198 699 4265 pm)
717 4201 760 4250 the
810 4197 917 4258 ροβῶνοο
931 4193 997 4254 τίειν
1011 4192 1096 4255 ἐπέχει
1111 4191 1220 4257 (Thur).
1253 4193 1291 4242 As
1304 4200 1331 4243 to
1346 4192 1389 4242 the

181 4283 283 4334 relative
310 4283 332 4332 is
359 4281 471 4341 omitted,
502 4282 609 4347 perhaps
638 4283 673 4347 by
697 4281 760 4332 acci·
811 4291 890 4334 sense,
909 4276 940 4325 cf.
960 4275 1064 4338 Chrys-2
1081 4273 1209 4337 τεκμήριον
1224 4275 1329 4322 ποιεῖται
1346 4275 1390 4332 τῆς

181 4365 250 4415 dent.
284 4363 327 4415 On
338 4363 380 4413 the
391 4363 537 4412 translation
548 4361 578 4412 of
588 4359 708 4425 α’ρραβιόν,
720 4376 761 4410 see
810 4361 859 4407 τῶν
865 4357 1003 4418 μελλόντων
1011 4358 1162 4419 ἐπαγγελίαι
1172 4355 1204 4404 τό
1213 4355 1260 4416 ἤδη
1267 4356 1389 4410 δεδομένα.

184 4444 564 4510 S.Jerome'sremarksadh.l.
598 4442 758 4502 CardPitra,
812 4437 851 4489 aa
872 4440 945 4488 τοῦτο
963 4441 1003 4488 rai
1022 4435 1174 4501 ἀρραβῶνα
1196 4438 1274 4486 καλεῖ.
1308 4433 1392 4498 όγόρ

182 4528 245 4578 atter
255 4528 333 4593 citing
342 4529 450 4594 Jeme,
462 4527 580 4576 observes
589 4525 643 4576 that
654 4523 761 4589 Vigilius
812 4521 926 4586 ἀρραβών
934 4523 1005 4586 μέρος
1015 4523 1083 4571 ἐστιν
1092 4519 1134 4572 τοῦ
1144 4515 1242 4571 ranis.
