3340 5232
157 367 201 434 11.
224 369 371 454 12—15.]
519 381 560 434 nt
585 381 638 435 nr.
659 382 712 434 no
735 379 1008 435 rnrcrrruusaa
1300 384 1360 452 225
1403 369 1406 376 '

153 555 317 635 habebat;
340 554 478 621 consilia
493 551 558 620 illis
573 556 685 633 dante,
701 567 739 621 ut
756 556 865 640 [quos]
881 556 1036 640 aequales
1052 557 1114 620 sibi
1130 557 1363 623 existimarent

153 675 214 739 per
231 656 395 737 bonorum
414 667 549 722 actuum
568 659 845 741 cooperationem,
861 679 921 741 per
940 658 1163 725 humilitatem
1183 661 1363 745 superemi-

154 779 232 822 nere
247 760 309 823 sibi
325 760 563 825 existimarent
608 760 721 842 itaque
740 760 859 826 beatus
880 760 1002 826 Paulus
1023 763 1069 826 sic
1090 783 1150 845 per
1169 764 1282 828 omnia
1302 785 1362 828 ex·

153 859 378 926 hortationem
395 863 518 927 iaciens
534 862 676 928 adiecit:

219 1015 327 1098 itaque
351 1012 517 1079 carissimi
545 1014 635 1092 milei,
659 1015 746 1079 sicut
766 1025 890 1097 semper
912 1015 1081 1080 etaetatis
1106 1037 1169 1081 non
1195 1017 1300 1081 solum
1326 1017 1362 1084 in
1400 1043 1415 1110 5

149 1116 336 1197 praesentia
360 1137 438 1193 mea,
467 1115 527 1179 sed
545 1127 577 1180 et
601 1137 684 1180 nuuc
706 1118 807 1180 multo
832 1117 941 1200 magas
963 1119 999 1182 in
1021 1118 1167 1184 absentia
1189 1140 1268 1198 mea,
1290 1141 1362 1186 cum

154 1215 267 1280 timore
287 1227 319 1281 et
340 1227 476 1282 tremore
496 1230 640 1282 uestram
661 1220 800 1283 salutem
826 1219 1015 1300 operamini.

221 1362 349 1443 optime
379 1369 414 1426 et
443 1363 604 1426 memoria
634 1363 887 1445 praeteritorum
918 1365 1081 1447 persuasit
1110 1364 1174 1428 illis
1201 1366 1285 1432 nihil
1316 1367 1364 1432 in·

153 1461 294 1545 dignum
317 1465 378 1529 sibi
402 1485 528 1548 sapere,
553 1465 611 1528 sed
633 1465 715 1532 talia
736 1465 852 1542 iacere,
872 1466 983 1548 qualia
1006 1477 1041 1531 et
1062 1467 1213 1550 primitus
1237 1466 1364 1532 fiebant

155 1583 267 1628 coram
299 1567 381 1648 ipso.
421 1577 455 1630 et
485 1567 761 1650 animiaequiores
792 1567 916 1632 iaciens
942 1588 1000 1632 eos
1026 1587 1126 1652 super
1151 1569 1362 1636 conuenienti
1379 1588 1419 1636 10

155 1666 220 1731 illis
238 1670 351 1742 studio
371 1671 512 1735 adiecit:

219 1821 310 1886 Dens
328 1825 413 1889 enim
431 1835 485 1902 est,
502 1826 562 1908 qui
581 1825 762 1908 inoperetur
779 1825 816 1890 in
837 1825 926 1889 nohis
942 1836 975 1890 et
994 1825 1072 1890 nelle
1085 1836 1117 1890 et
1129 1825 1363 1910 irreperaripro

148 1924 231 1990 ¹bona
244 1927 374 2008 placito.

217 2059 282 2121 ‘sic
308 2057 398 2122 enim
412 2057 582 2123 'alacritas
609 2069 720 2123 uestra
752 2058 979 2140 cooperariam
1009 2058 1176 2123 inuenerit
1201 2059 1264 2124 sibi
1297 2061 1362 2126 Dei

154 2160 305 2242 gratiam,
333 2161 516 2224 necessarie
541 2181 582 2225 eo
604 2171 806 2244 cooperante
832 2162 938 2241 uobis
959 2171 997 2224 ut
1022 2161 1175 2244 cogitetis
1197 2172 1232 2226 et
1255 2163 1362 2246 agatis
1380 2175 1414 2244 ις

155 2262 213 2326 illa
242 2283 328 2346 quae
357 2273 435 2328 sunt
466 2263 541 2328 Deo
571 2261 805 2348 placita—sic
834 2264 924 2327 enim
955 2263 1037 2327 dicit
1058 2273 1122 2345 pro
1143 2264 1221 2329 bono
1234 2265 1362 2348 placito.

154 2365 277 2430 deinde
296 2366 340 2429 ad
361 2367 630 2432 exhortationem
655 2366 807 2450 perducit
824 2367 988 2431 uerbum:

217 2509 328 2573 omnia
349 2510 454 2592 jacite
466 2509 536 2573 sine
550 2511 808 2574 murnmrotione
818 2522 853 2576 et
864 2510 1149 2595 disceptationibus.

220 2646 258 2700 ut
273 2635 382 2702 dicat:
404 2637 573 2701 ‘alacriter
587 2647 622 2704 et
636 2635 802 2701 sollicite'

198 2773 202 2782 ¹
220 2795 259 2850 ut
271 2787 458 2870 efficiamini
472 2787 765 2870 inreprehensibiles
778 2798 809 2853 et
821 2787 964 2866 simeres,
977 2787 1052 2871 filii
1067 2785 1134 2852 Dei
1152 2787 1361 2866 immaculati,
1377 2808 1419 2855 20

207 2995 218 3030 ι
236 2981 342 3030 consilio
355 2980 377 3030 C
388 2983 420 3030 H
426 2997 442 3030 r
455 2979 460 3046 1
474 2997 537 3046 quos
547 2997 586 3032 om
600 2981 661 3034 CH
667 2998 683 3031 r
773 3000 797 3044 4,
813 2998 841 3032 ιι
860 2981 936 3030 adicit
950 2981 998 3031 Cr·
1086 2981 1102 3030 8
1118 2979 1265 3028 memoriam
1279 2980 1345 3030 CH
1349 2996 1365 3028 r

155 3077 172 3127 9
188 3063 294 3113 iaciebat
306 3060 362 3127 (sor
371 3061 475 3126 fiebant)
488 3063 523 3113 H
607 3078 637 3113 ιο
653 3063 852 3128 animaequiores
866 3063 972 3124 Cleon)
985 3078 1001 3111 r·
1088 3076 1116 3110 ra
1129 3061 1277 3126 inoperatur
1287 3062 1321 3111 H
1327 3079 1344 3111 r
1357 3062 1363 3124 Ι

154 3143 181 3192 in
193 3143 265 3196 uobis
276 3143 326 3208 (ast
335 3143 417 3210 inop.)
428 3145 481 3194 add
489 3145 523 3194 H
614 3159 643 3207 ι4
659 3144 707 3194 sibi
718 3145 770 3220 ipu.
782 3159 819 3208 gr.
833 3144 867 3192 D.
878 3149 906 3192 ut
917 3157 982 3204 nec,
996 3140 1039 3191 &a
1052 3141 1087 3190 H

190 3354 213 3388 ι.
245 3354 305 3403 quos
325 3338 443 3404 aequales,
464 3337 547 3400 hcl·
570 3339 619 3390 See
640 3354 681 3390 vv.
704 3337 732 3387 ll.
778 3337 816 3386 Ο.
836 3338 875 3397 L..
894 3335 1036 3401 etaperari.
1068 3337 1140 3386 Bono
1151 3336 1259 3401 placita·
1281 3336 1314 3387 0.
1331 3338 1361 3388 L.

154 3421 183 3472 1r
195 3437 255 3486 quas
271 3421 292 3471 is
308 3421 421 3481 omitted,
437 3421 480 3470 the
496 3423 548 3474 first
563 3422 735 3471 existimarent
782 3419 833 3468 and
845 3418 930 3482 Vulg,
944 3418 1006 3467 bano
1016 3418 1153 3467 uehentum.

153 3502 175 3550 is
192 3501 353 3566 superfluous,
373 3503 424 3552 and
440 3513 506 3552 must
522 3503 585 3552 haee
604 3501 681 3551 iound
701 3501 734 3552 its
820 3513 855 3562 ¹4·
886 3500 921 3547 sic
937 3500 1005 3548 enim
1024 3499 1150 3556 aluntur,
1165 3496 1229 3559 aa]
1270 3499 1361 3560 Thau:

154 3598 209 3646 way
218 3582 271 3631 into
283 3583 332 3632 this
343 3583 394 3633 line
404 3583 468 3632 from
480 3583 522 3633 the
533 3582 583 3632 line
595 3582 732 3647 following.
782 3581 916 3642 προθυμίαν
935 3578 1050 3640 εὑρίσκων
1069 3577 1136 3638 αὔξει
1154 3581 1246 3638 ταύτην
1263 3579 1303 3628 διὰ
1319 3580 1362 3639 τῆς

186 3663 209 3714 6.
245 3679 301 3713 eum
315 3664 403 3713 timore
410 3671 433 3712 et
443 3661 556 3727 tremere]
591 3665 626 3714 So
642 3664 674 3714 O.
688 3664 731 3723 L.;

153 3744 241 3809 vulg„
254 3762 310 3794 cum
323 3753 389 3794 metu
399 3753 423 3794 et
433 3753 466 3793 tr.

187 3829 211 3877 8.
243 3828 461 3894 opte'rne...sapere]
495 3827 636 3879 lanfranc:
662 3829 731 3894 “op-

153 3911 213 3960 time
229 3926 274 3975 per
288 3913 433 3960 memoriam
450 3919 527 3976 praet
545 3911 666 3977 persuasit
682 3911 732 3961 illis

152 3991 215 4041 nihil
227 3991 259 4040 de
270 3999 352 4041 cetero
364 3991 494 4056 indignum
505 3989 617 4056 sapere.'’

189 4089 226 4124 ιο.
260 4073 473 4137 animequiores]
506 4072 674 4139 εὐθυμοτέρονι
691 4077 731 4136 (i).

153 4155 193 4207 Cf.
218 4154 327 4216 Ronsch,
349 4157 424 4216 Itala,
446 4171 471 4219 p.
494 4171 552 4219 aas.
596 4157 669 4207 With
688 4158 731 4208 the

152 4238 217 4288 form
234 4237 408 4300 animiaequus
426 4237 459 4286 ei.
477 4237 618 4286 unianimes
636 4240 729 4303 (supra,

151 4335 177 4384 p.
193 4335 249 4383 213,
263 4318 279 4368 t
295 4338 318 4381 4,
330 4318 410 4376 note).

188 4414 225 4448 12.
249 4398 398 4462 inoperetur]
432 4397 510 4465 etp.
526 4399 566 4460 60,
582 4398 600 4450 l.
621 4413 643 4458 ι,
660 4407 726 4450 note.

152 4481 203 4532 For
211 4488 235 4531 a
244 4481 372 4546 inoperari
379 4481 423 4532 tbe
433 4481 508 4546 Vulg.
518 4482 563 4532 has
574 4490 598 4531 et
603 4481 732 4548 perficam

240 4592 267 4642 S.

781 3662 887 3724 χάριτος.
922 3661 1058 3712 eiioelar
1071 3663 1098 3711 δὲ
1108 3662 1137 3712 τὸ
1147 3655 1243 3724 ’ἀγαθὸν
1253 3663 1297 3712 τοῦ
1307 3662 1362 3712 θεοῦ

781 3745 978 3808 προσηγόρευσα
989 3745 1090 3804 θέλημα.

817 3832 855 3879 ι8.
877 3829 932 3877 sine
941 3826 1173 3876 murmurationem
1185 3825 1361 3890 Hsceptatr'oni·

779 3912 835 3974 ius]
875 3911 961 3976 Vulg„
980 3928 1001 3961 s.
1022 3909 1262 3960 murmurationibus
1281 3912 1360 3972 (mur-

781 3997 927 4055 muratione,
949 3994 1037 4045 Sedul.
1058 3993 1139 4054 Scot.)
1158 3999 1180 4042 et
1197 3993 1361 4044 haesitatum·

780 4081 831 4130 bras.

815 4172 852 4207 ιο.
879 4164 909 4208 ut
917 4156 1071 4224 efficiamini]
1089 4157 1127 4204 tea
1138 4156 1251 4216 γένησθε.
1282 4155 1357 4220 Vulg.

780 4238 831 4287 and
849 4239 924 4287 Latin
941 4237 1095 4296 authorities,
1112 4243 1142 4285 ut
1155 4235 1209 4285 sitr's
1228 4237 1276 4296 (tea
1295 4233 1359 4298 ἦτε).

780 4318 836 4369 The
847 4318 993 4368 translation
1005 4318 1034 4370 oi
1043 4334 1084 4367 vv.
1101 4329 1138 4378 15,
1154 4314 1183 4366 16
1200 4315 1284 4366 differs
1300 4332 1359 4368 con·

779 4401 904 4464 siderably
915 4399 979 4449 lrom
994 4399 1055 4448 both
1068 4399 1100 4448 0.
1110 4399 1139 4448 L.
1154 4399 1205 4448 and
1216 4398 1300 4464 Vulg„
1314 4399 1360 4451 but

779 4483 825 4534 has
834 4483 918 4548 points
926 4481 956 4531 oi
963 4480 1133 4532 resemblance
1143 4488 1169 4532 to
1178 4480 1231 4530 that
1239 4481 1314 4546 given
1325 4480 1360 4546 by

1233 4589 1269 4656 15
