3332 5210
301 410 345 492 64
634 423 860 476 rnnononus
885 421 1175 476 nopsuasrnuus
1347 405 1419 492 [IV.
1437 409 1463 483 8,
1480 423 1510 489 9.

305 608 363 664 est.
408 599 496 664 hunc
513 622 592 665 uero
609 602 855 684 participantes
872 623 932 665 nec
948 600 1038 684 quod
1051 599 1109 662 filii
1125 598 1197 662 sitis
1214 618 1334 679 negare
1351 597 1509 679 poteritis,

305 700 383 764 facti
406 711 519 766 autem
546 703 613 777 fini,
639 705 824 768 necessario
847 705 926 768 estis
950 713 983 767 et
1008 703 1155 776 heredes,
1181 723 1257 765 cum
1285 702 1391 764 multa
1413 700 1510 764 liber-

303 812 374 869 tate
390 806 550 888 degentes
566 817 599 871 et
615 809 705 871 omni
730 819 821 872 metu
838 808 931 872 liberi
953 816 987 871 et
1007 808 1098 870 omni
1122 807 1320 872 necessitate
1340 814 1384 884 et,
1402 814 1438 868 ut
1459 806 1510 868 sas

304 916 364 983 est,
380 910 493 973 securi.
538 920 672 974 tantum
694 932 773 994 ergo
797 913 892 975 abest
911 921 948 975 nt
968 913 1039 975 sitis
1062 911 1156 986 serui,
1181 910 1271 993 quod
1295 909 1507 991 obprobrium

272 1023 356 1095 sest
378 1011 509 1077 illorum
532 1015 589 1097 qui
613 1017 675 1080 sub
698 1014 772 1098 lege
794 1015 890 1078 sunt’
937 1033 1015 1079 nam
1032 1015 1122 1097 quod
1144 1014 1232 1076 dixit
1246 1023 1310 1095 per
1330 1012 1507 1092 Christum,

303 1117 373 1180 iure
396 1117 431 1179 id
453 1117 548 1193 dixit,
564 1139 605 1180 eo
621 1119 711 1200 quod
735 1119 885 1180 omniurn
906 1117 1025 1181 horum
1047 1117 1135 1180 idem
1156 1117 1199 1179 sit
1220 1125 1341 1180 auctor.
1387 1117 1508 1180 deinde

303 1227 380 1303 post
396 1220 630 1303 probationem
646 1219 749 1283 adicit
765 1220 855 1302 quod
872 1218 971 1282 ualde
987 1226 1058 1282 erat
1072 1239 1194 1303 graue:

367 1369 427 1433 sed
447 1381 523 1434 tunc
544 1372 672 1452 quidem
692 1372 859 1435 nescientes
884 1370 1000 1448 Deum,
1026 1372 1176 1436 seruirtis
1194 1372 1248 1436 tis
1269 1371 1329 1455 qni
1349 1393 1411 1434 non
1432 1381 1509 1434 sunt

302 1486 423 1540 notura
438 1475 497 1540 dii.
543 1497 628 1539 nunc
641 1485 748 1539 autem
768 1485 981 1557 cognoscentes
999 1476 1115 1553 Deum,
1131 1477 1239 1559 moga's
1257 1485 1366 1538 autem
1389 1474 1509 1557 cogniti

250 1589 290 1642 10
301 1599 324 1642 a
338 1578 414 1656 Deo,
430 1578 582 1662 quomodo
596 1577 826 1643 conuertimini
841 1579 959 1643 iterum
974 1579 1022 1643 od
1035 1579 1170 1663 infirmo
1189 1591 1221 1644 et
1233 1601 1330 1663 egeno
1344 1582 1505 1660 elemento,

147 1669 149 1676 ’
300 1681 418 1763 quibus
433 1682 550 1744 iterum
565 1681 668 1744 douo
681 1681 806 1745 sentire
819 1682 950 1746 nultos?

365 1797 531 1864 elementa
547 1808 580 1863 et
599 1801 749 1882 superius
768 1810 802 1864 et
823 1801 856 1863 in
880 1802 1033 1866 hocloco
1053 1804 1158 1868 solem
1178 1803 1259 1867 dicit
1281 1811 1314 1868 et
1337 1802 1450 1867 lunam
1472 1813 1506 1867 et

300 1901 432 1981 stellas;
470 1925 515 1968 ex
545 1903 667 1986 quibus
697 1903 768 1968 dies
799 1924 933 1986 quoque
963 1915 997 1968 et
1029 1927 1159 1970 menses
1190 1907 1274 1970 fiunt
1305 1915 1338 1970 et
1370 1910 1446 1971 anni
1472 1917 1505 1970 et

267 2043 273 2052 ·
300 2018 462 2092 tempora.
506 2011 629 2074 seruire
645 2029 724 2091 ergo
740 2008 913 2072 elementis
933 2011 1021 2082 dicit,
1040 2033 1079 2074 eo
1101 2013 1191 2094 quod
1216 2012 1280 2084 illa,
1303 2013 1335 2075 id
1359 2023 1418 2089 est,
1435 2015 1504 2076 dies

249 2125 283 2190 15
303 2118 338 2174 et
368 2101 498 2173 menses
528 2109 751 2184 obseruarent,
783 2113 876 2190 quasi
908 2111 952 2174 ab
982 2111 1046 2174 illis
1078 2111 1172 2175 sacta.
1218 2123 1251 2175 et
1282 2113 1372 2194 quod
1399 2116 1504 2179 dixit:

298 2211 449 2273 seruistis
469 2221 576 2274 autem
598 2211 651 2273 ln's
672 2211 732 2292 qni
752 2231 813 2273 non
835 2220 913 2272 sceret
935 2221 1057 2275 natura
1076 2213 1128 2274 dii
1137 2236 1152 2286 ,·
1175 2211 1217 2275 de
1238 2215 1316 2294 ipsis
1336 2215 1416 2276 dicit
1435 2215 1505 2278 soie

299 2318 333 2372 et
355 2308 435 2374 luna
457 2319 491 2374 et
513 2311 636 2389 stellis;
670 2312 822 2392 eoquod
851 2312 1036 2376 adorabant
1062 2313 1215 2376 iliacum
1247 2322 1356 2376 essent
1386 2324 1504 2395 gentes

299 2422 336 2478 ut
352 2414 442 2490 deos,
460 2414 642 2480 secundum
660 2414 769 2496 legem
785 2416 946 2496 gentium.

364 2526 398 2579 et
414 2517 496 2580 haec
512 2518 660 2580 diximus
685 2527 721 2580 ut
742 2517 821 2579 nihil
843 2516 1020 2580 obscurum
1044 2517 1220 2598 inquirenti
1245 2537 1316 2579 esse
1340 2517 1502 2580 uideatur.

241 2637 284 2695 20
298 2639 414 2683 sensus
437 2640 516 2700 uero
539 2620 741 2702 apostolicus
767 2619 906 2683 multam
938 2619 1040 2684 habet
1066 2620 1334 2703 profunditatem.
1380 2621 1501 2685 etenim

297 2728 399 2811 paulo
415 2727 523 2790 minus
539 2725 686 2788 ostendit
708 2745 764 2788 eos
785 2744 851 2787 non
874 2725 1073 2788 iudaismum
1097 2733 1258 2800 tenentes,
1276 2725 1333 2788 sed
1358 2726 1400 2788 ad
1425 2743 1503 2807 gen-

295 2831 426 2895 tilitatis
453 2832 572 2895 iterum
597 2830 772 2892 recurrisse
796 2828 1074 2892 obseruationem.
1120 2828 1201 2893 dicit
1231 2830 1319 2891 enim
1345 2829 1502 2910 quoniam

297 2933 467 3016 ‘primitus
489 2932 624 3015 quidem
642 2931 825 2994 nescientes
844 2951 959 2994 uerum
983 2932 1102 3007 Deum,
1119 2930 1267 2994 seruistis
1290 2939 1402 2994 autem
1424 2932 1502 3004 istic,

344 3093 359 3144 7
375 3083 524 3148 probatione
538 3083 560 3132 C
563 3081 577 3108 ⁵
591 3081 625 3131 H
738 3095 753 3145 9
770 3081 871 3145 cognoti
886 3080 925 3130 C*
938 3080 980 3143 [cs.
994 3080 1104 3140 Rb'nsch,
1120 3079 1177 3145 295]
1290 3093 1298 3126 r
1304 3095 1318 3143 3
1336 3095 1450 3130 mensens
1465 3079 1502 3128 C*

297 3163 326 3214 16
343 3164 420 3213 seruis
432 3163 465 3211 H
471 3164 546 3223 (corr)
561 3161 565 3224 Ι
580 3161 673 3211 solie!
752 3175 779 3224 ¹⁷
792 3170 818 3211 et
830 3159 888 3225 (for
897 3163 938 3222 eo)
950 3163 984 3212 H
1069 3178 1101 3212 co
1117 3161 1244 3227 apostolus
1255 3161 1289 3210 H
1297 3159 1301 3225 Ι
1316 3161 1422 3210 multum
1432 3159 1488 3224 C'l

293 3243 469 3309 produntatem
481 3239 533 3304 (n'c)
545 3243 580 3290 H
672 3257 700 3291 or
720 3241 843 3292 iudaismo
857 3242 896 3292 C*
908 3243 943 3294 H
1036 3259 1067 3306 23
1084 3252 1168 3292 autem
1180 3243 1232 3292 istis
1242 3258 1281 3290 om
1296 3243 1318 3291 C

327 3395 350 3442 5.
377 3395 399 3442 q.
413 3378 439 3427 d.
459 3380 518 3444 ‘per
540 3378 666 3428 Christum
674 3378 691 3442 ']
723 3381 778 3430 The
798 3397 872 3431 name
923 3399 1002 3432 seems
1014 3382 1099 3432 tobe:
1119 3382 1186 3430 ‘The
1196 3381 1437 3445 ioregoingpassage
1448 3384 1498 3441 (vv.

292 3458 322 3507 oi
338 3458 386 3506 Th.
407 3463 472 3507 must
492 3457 613 3508 therefore
631 3459 663 3510 be
680 3461 763 3511 added
783 3469 811 3511 to
829 3463 873 3511 the
923 3463 945 3522 8,
971 3465 996 3528 9)
1020 3461 1129 3526 requires
1151 3476 1220 3509 more
1242 3459 1302 3510 than
1324 3475 1393 3510 mere
1417 3461 1500 3510 verbai

294 3538 335 3587 list
350 3536 380 3586 oi
393 3537 445 3587 Gk.
457 3537 550 3588 fathers
561 3539 618 3588 who
630 3548 733 3605 support
745 3541 788 3590 the
803 3541 872 3591 read·
923 3542 1087 3601 illustration3
1105 3539 1174 3589 there
1190 3540 1212 3588 is
1229 3555 1244 3588 a
1255 3539 1319 3604 deep
1331 3539 1403 3604 irony
1413 3540 1501 3590 under·

293 3618 336 3682 ing
358 3619 427 3681 κληρ.
448 3621 502 3668 θεοῦ
519 3621 557 3670 διὰ
577 3622 691 3683 Χριστοῦ,
739 3623 811 3672 With
832 3622 872 3671 his
922 3624 991 3688 lying
1007 3622 1051 3672 the
1072 3622 1160 3671 words
1204 3621 1260 3670 The
1280 3621 1386 3686 Apostie
1402 3621 1502 3686 implies

293 3703 481 3768 interpretation
503 3702 533 3752 of
551 3703 590 3752 ich
609 3703 656 3765 Xp.
681 3719 764 3769 comp.
783 3703 871 3752 Thur:
923 3703 976 3752 that
997 3704 1039 3754 the
1057 3702 1199 3768 perversion
1217 3702 1247 3752 oi
1262 3703 1305 3752 the
1326 3703 1457 3752 Calatinns
1475 3713 1501 3753 to

293 3787 376 3847 ἔτυχες
393 3783 418 3832 u
434 3785 525 3833 τούτων
541 3784 580 3832 διὰ
597 3783 641 3832 τοῦ
658 3781 772 3848 Χριστοῦ,
788 3785 816 3833 οὐ
833 3785 872 3832 διὰ
920 3785 1032 3849 Judaisrn
1050 3800 1101 3834 was
1118 3785 1144 3833 in
1160 3783 1210 3834 fact
1228 3801 1243 3833 a
1260 3784 1356 3848 relapse
1372 3786 1426 3834 into
1443 3785 1500 3836 hea-

292 3867 335 3918 τοῦ
347 3867 425 3928 νόμον.
922 3866 1044 3924 thenism;
1073 3865 1132 3930 they
1160 3881 1225 3914 were
1252 3881 1310 3915 now
1337 3866 1411 3930 again
1438 3883 1499 3916 wor-

328 3964 364 4000 rc.
394 3949 508 4000 elemento
527 3955 550 3998 et
566 3946 685 4014 capenas,
706 3945 765 4008 dec]
788 3947 826 3996 ie.
846 3961 866 3996 c.
921 3947 1040 4014 shipping
1059 3947 1124 3999 their
1142 3947 1186 3998 oid
1208 3965 1290 4014 pagan
1313 3950 1401 4000 deities
1423 3951 1501 4001 under

291 4034 324 4083 in.
340 4048 349 4082 1
364 4031 458 4093 (where
469 4047 510 4081 see
521 4029 598 4094 note).
920 4049 976 4082 new
987 4032 1064 4082 forms
1075 4032 1125 4082 and
1136 4029 1241 4082 names)
1266 4032 1304 4082 Ci.
1317 4033 1416 4096 Chrys:
1435 4035 1499 4082 ctio·

327 4115 364 4166 16.
386 4116 415 4164 de
425 4115 485 4179 apsis
494 4115 584 4165 dicits.
596 4113 659 4175 eet]
684 4111 822 4163 SoThdt.:
838 4113 871 4162 rh
919 4117 1052 4177 λολατρεία
1074 4117 1103 4165 rb
1124 4115 1232 4165 τοιοῦτόν
1254 4118 1328 4173 ἐστιν,
1351 4117 1367 4176 ἡ
1389 4113 1432 4176 τῆς
1453 4117 1501 4166 τῶν

291 4199 402 4258 στοιχεῖα
419 4195 589 4247 θεοτοιοΰπες.
623 4195 664 4244 On
679 4193 751 4244 tues
768 4193 871 4259 reading
920 4199 1013 4262 ἡμερῶν
1024 4197 1212 4261 παρατηρήσεως
1224 4198 1331 4261 φυλακή.

291 4280 367 4342 (“his
383 4279 427 4344 qui
443 4294 493 4328 non
510 4286 568 4329 sunt
584 4295 609 4328 n.
626 4277 670 4328 d.”
688 4275 751 4342 (bis),
766 4277 871 4329 υἱωνοῖς
955 4295 992 4345 ²3·
1017 4281 1128 4330 sonunt
1145 4287 1226 4330 antem
1246 4279 1309 4341 uris]
1346 4280 1393 4329 See
1412 4297 1450 4329 vv.
1471 4280 1495 4329 ll.

290 4361 325 4418 uh
347 4361 419 4421 φύσει
440 4355 507 4409 οὖσιν
529 4359 608 4422 θεοῖς),
630 4375 672 4411 see
696 4359 799 4410 Ellicott
820 4359 871 4409 and
920 4361 976 4412 The
993 4363 1096 4427 reading
1107 4360 1136 4410 oi
1150 4360 1193 4411 the
1205 4359 1301 4424 Harley
1312 4361 1368 4410 MS.
1382 4375 1461 4410 seems
1473 4367 1500 4410 to

292 4439 421 4505 Lightioot
431 4441 467 4489 ad
475 4441 500 4491 h.
514 4441 530 4492 l.
921 4459 1020 4494 remove
1031 4445 1075 4494 the
1086 4443 1209 4507 necessity
1222 4441 1261 4492 ior
1278 4441 1365 4491 Pitra's
1381 4442 1499 4492 insertion

325 4535 363 4570 πο.
385 4537 468 4570 sensus
486 4537 543 4570 retro
561 4523 647 4587 apost]
678 4523 733 4574 The
753 4521 870 4588 meaning
920 4524 947 4585 [⁴¹
957 4523 987 4572 iis
998 4523 1041 4588 qui
1052 4529 1140 4572 natura
1151 4537 1201 4570 non
1215 4528 1271 4570 sunt
1282 4521 1317 4569 dii
1326 4519 1360 4584 ”].
