3342 5224
208 443 401 528 11.15‚16.]
617 457 656 506 ru
682 457 733 506 er.
755 455 807 505 AD
831 454 1008 507 onia-rus.
1373 459 1415 524 29

207 629 374 692 discamus
401 629 503 692 etiam
530 628 623 691 odire
647 635 833 710 peccatum,
859 645 925 688 non
953 625 1123 689 modicum
1147 625 1264 690 auxilii
1283 626 1327 691 ad
1350 625 1414 690 hoc

207 731 263 794 lex
289 731 438 796 conferre
465 731 561 796 nobis
586 731 725 794 uidetur.
770 739 804 794 et
822 730 960 812 quidem
982 729 1026 792 ad
1051 731 1325 796 exercitationem
1350 733 1414 796 uir-

206 841 316 897 tutum
338 833 401 898 sert
421 835 517 898 nobis
537 833 700 898 auxilium
724 833 991 899 desiderantibus
1007 833 1065 897 illa
1083 833 1198 912 facere,
1216 857 1303 919 quae
1324 836 1415 902 bona

208 937 250 1000 de
281 937 364 1020 legis
394 937 546 1002 doctrina
576 959 649 1002 esse
680 938 923 1001 existimamus.
969 937 1002 999 in
1033 935 1144 1001 futuro
1174 960 1253 1003 uero
1279 940 1414 1005 saeculo

207 1042 389 1126 perfectam
412 1043 553 1106 multam
571 1041 841 1106 iustificationem
859 1061 918 1124 per
938 1039 1081 1123 gratiam
1097 1040 1162 1105 Dei
1185 1044 1414 1127 percipiemus,
1451 1052 1466 1119 5

207 1145 264 1210 illa
279 1154 330 1209 est
345 1166 447 1228 quam
463 1146 497 1209 in
513 1145 679 1229 praesenti
696 1145 764 1209 uita
780 1165 801 1208 a
821 1145 961 1207 diuersis
981 1145 1158 1208 didicimus
1179 1149 1413 1216 exercitation-

207 1249 289 1323 ibus,
304 1247 505 1312 adhortante
520 1268 581 1311 nos
596 1247 640 1311 ad
656 1247 720 1310 hoc
732 1245 883 1329 legitimo
899 1245 1033 1310 decreto
1049 1267 1136 1330 quae
1152 1257 1185 1311 et
1201 1253 1413 1329 conueniunt,

208 1351 313 1426 nobis,
343 1351 430 1415 sicut
458 1351 615 1428 diximus,
639 1350 673 1413 in
704 1350 906 1413 contrarium
937 1352 1122 1434 perspicere
1152 1351 1351 1432 uolentibus,
1377 1365 1414 1420 ut

208 1451 324 1516 maiori
354 1450 530 1534 disciplina
563 1451 723 1516 bonitatis
753 1452 1056 1534 concupiscentiam
1090 1475 1134 1518 ex
1163 1456 1414 1537 comparatione

207 1553 267 1618 tali
283 1554 448 1638 suscipere
464 1553 637 1637 possimus.
683 1553 765 1618 haec
789 1562 870 1616 tunc
886 1553 919 1617 in
942 1553 1040 1617 nobis
1057 1574 1157 1638 opere
1180 1554 1413 1639 implebuntur,
1432 1573 1470 1621 10

208 1657 316 1740 gratia
341 1657 447 1720 sancti
467 1657 610 1741 Spiritus
631 1654 884 1719 inuertibilitate
907 1675 967 1738 per
987 1656 1100 1719 omnia
1120 1658 1330 1721 custodiente
1351 1677 1413 1722 nos

209 1759 242 1821 in
265 1759 360 1823 bonis
383 1759 456 1836 illis,
472 1779 613 1842 quorum
636 1758 837 1823 desiderium
861 1777 937 1820 cum
958 1765 992 1820 et
1016 1757 1094 1820 odio
1115 1759 1244 1841 peccati
1265 1759 1298 1821 in
1320 1778 1414 1842 prae·

209 1861 294 1925 senti
319 1863 389 1926 uita
410 1864 616 1946 suscipimus,
639 1883 679 1926 eo
702 1860 794 1944 quod
809 1869 844 1925 et
865 1860 930 1924 hoc
951 1861 1103 1945 primitus
1119 1863 1216 1927 nobis
1231 1867 1414 1930 necessarie

209 1964 327 2028 adesse
342 1966 570 2031 conueniebat.
604 1966 676 2029 siue
691 1964 779 2028 enim
802 1963 883 2028 illud
905 1964 1089 2027 secundum
1110 1985 1146 2028 se
1167 1975 1238 2030 erat
1253 1967 1412 2042 existens,

209 2067 503 2132 inrationabilitate
526 2067 673 2151 quadam
699 2066 897 2130 uidebamur
923 2066 1031 2148 magis
1056 2067 1209 2133 inbonis
1235 2070 1466 2153 mansisse315

208 2167 280 2232 siue
295 2169 358 2233 hoc
373 2169 509 2252 quidem
526 2169 637 2250 fiebat,
654 2169 746 2253 quod
765 2169 948 2234 secundum
970 2178 1180 2252 praesentem
1201 2170 1288 2236 hanc
1309 2171 1413 2236 uitam

207 2273 281 2337 fieri
295 2275 329 2337 in
351 2275 447 2338 nobis
466 2275 665 2338 exercitatio
685 2273 846 2336 bonitatis
869 2281 940 2335 erat
961 2271 1079 2336 futura.
1126 2273 1215 2338 unde
1232 2275 1318 2339 bene
1337 2293 1414 2340 cum

209 2379 281 2441 uita
308 2377 373 2440 ista
402 2378 555 2442 diuidens
585 2376 728 2450 saecula,
755 2375 819 2440 hoc
849 2376 985 2458 quidem
1015 2376 1184 2441 saeculum
1215 2378 1311 2443 nobis
1338 2379 1415 2444 fecit

208 2490 335 2564 aptum,
360 2489 397 2544 ut
424 2491 457 2544 et
474 2482 647 2546 exercitari
672 2481 705 2545 in
733 2501 782 2557 eo,
810 2488 944 2544 etcum
974 2482 1187 2546 conuenienti
1216 2483 1415 2550 discretione

209 2584 335 2647 discere
360 2585 451 2666 quod
481 2585 608 2650 bonum
641 2594 691 2649 est
718 2583 906 2667 possimus3
941 2592 975 2646 et
1004 2585 1118 2647 animo
1145 2584 1241 2649 firmo
1265 2587 1414 2671 accipere
1428 2608 1471 2658 20

209 2685 340 2750 uirtutis
366 2687 567 2750 desiderium
590 2696 624 2751 et
647 2686 774 2769 peccati
799 2686 924 2750 odium.
969 2684 1116 2750 futurum
1141 2707 1220 2750 uero
1244 2689 1414 2754 saeculum

211 2789 264 2852 uel
287 2789 357 2852 uita
379 2809 467 2872 quae
489 2799 567 2872 post
589 2789 707 2852 horum
726 2785 854 2873 [finem]
875 2796 936 2862 est,
953 2788 1128 2870 praebebit
1151 2790 1247 2853 nobis
1269 2800 1304 2853 et
1323 2791 1415 2873 quod

211 2891 275 2974 ipsi
291 2893 388 2958 nobis
403 2894 579 2976 adquirere
600 2893 740 2956 minime
755 2891 1009 2966 sufficiebamus,
1031 2911 1073 2955 eo
1096 2892 1187 2973 quod
1203 2891 1295 2955 nullo
1315 2893 1417 2956 modo

257 3077 385 3143 squidem
400 3077 422 3127 C
425 3076 440 3103 ¹*
523 3077 664 3142 sperfecta
675 3076 754 3126 multa
768 3074 806 3126 C*
840 3074 948 3139 perfecte
965 3073 1070 3122 multam
1089 3068 1199 3136 Cfcm)
1214 3069 1218 3136 Ι
1233 3070 1418 3135 percipimusc

208 3159 224 3211 6
241 3175 305 3226 quae
324 3159 410 3211 (ΡΗ
509 3170 522 3222 7
541 3159 574 3208 de
590 3159 639 3224 leg.
657 3157 725 3208 decr.
745 3147 793 3206 Η*
890 3169 908 3218 9
925 3153 1059 3204 maioribus
1082 3152 1121 3202 C*
1228 3164 1256 3215 17
1279 3153 1351 3203 uobis
1370 3153 1415 3202 H'

211 3242 324 3292 renunc
342 3239 582 3306 CquuidsmH
676 3253 707 3288 aa
725 3238 800 3288 fiuem
817 3251 855 3285 om
870 3234 952 3286 (ΡΗ

245 3421 265 3458 r.
300 3405 376 3468 odric]
405 3406 516 3464 Riinsch,
528 3405 602 3464 Itala„
616 3421 642 3470 p.
658 3404 713 3454 282.
839 3406 891 3449 text
901 3415 981 3449 seems
998 3405 1024 3448 to
1041 3397 1138 3463 require
1154 3393 1292 3462 ipsa—dua
1309 3395 1372 3459 αὐτῇ
1386 3398 1419 3460 τῇ

245 3505 283 3552 ¹⁴·
316 3489 368 3538 siue
387 3489 452 3538 urim
475 3487 630 3538 illud...siue
650 3484 703 3547 hor]
731 3483 787 3534 Tne
840 3482 985 3548 prpe-rm.
1018 3479 1326 3546 Twoaeonscorrespond
1337 3487 1364 3530 to
1376 3481 1418 3531 the

209 3585 280 3620 sense
297 3585 344 3620 oen
360 3569 420 3633 only
434 3571 466 3618 be
483 3565 641 3632 conjectured
657 3566 721 3616 from
737 3565 787 3615 this
840 3573 891 3614 two
901 3571 970 3628 parts
982 3562 1012 3612 of
1018 3563 1113 3613 human
1123 3563 1174 3621 life,
1193 3563 1235 3614 the
1252 3571 1353 3628 present
1367 3565 1418 3614 and

208 3651 349 3716 rendering.
384 3651 428 3700 ‘If
441 3667 479 3700 we
493 3651 543 3700 had
559 3650 622 3700 been
634 3647 787 3713 impeccable
839 3643 981 3695 thefuture.
1011 3643 1054 3694 On
1062 3645 1193 3707 saeculum,
1205 3646 1270 3704 ator,
1279 3660 1321 3696 see
1329 3645 1417 3704 above,

208 3733 243 3798 by
255 3741 352 3794 nature,
369 3749 414 3782 our
430 3747 607 3798 perseverauce
623 3730 707 3780 would
723 3729 787 3779 have
839 3745 864 3794 p.
880 3741 958 3792 5sq.;
979 3727 1029 3778 end
1046 3727 1107 3776 with
1123 3727 1166 3776 the
1182 3727 1315 3777 sentiment
1331 3743 1414 3792 comp.

208 3817 273 3866 been
288 3816 379 3866 ducto
393 3831 425 3865 en
440 3814 787 3880 unreesoniugcompliance3
839 3824 855 3859 a
876 3809 965 3874 fragm.
994 3808 1024 3859 of
1042 3809 1091 3858 Th.
1119 3824 1153 3858 on
1181 3809 1286 3859 Genesis
1308 3809 1414 3874 (Migru,

208 3913 237 3948 as
248 3897 307 3958 itis,
321 3895 364 3946 the
378 3897 445 3960 good
460 3895 548 3946 vritbin
562 3910 594 3944 es
608 3895 629 3944 is
644 3894 673 3944 of
683 3893 788 3958 gradum
839 3891 916 3956 633):
936 3891 1028 3956 “quod
1045 3891 1146 3956 quidem
1164 3890 1257 3954 placuit
1274 3890 1352 3950 Deus,
1369 3892 1418 3944 hoc

208 3974 788 4043 gromh,andtbislifeisorupmctiee·ground
840 3979 908 4021 erat:
925 3971 953 4020 in
968 3971 1032 4020 duos
1049 3979 1127 4020 status
1140 3970 1253 4020 diuidere
1269 3979 1415 4034 erectim,

207 4059 247 4108 for
264 4059 307 4108 the
324 4058 402 4108 world
419 4065 446 4108 to
462 4055 552 4108 come)
589 4055 639 4104 For
655 4055 790 4104 siue...siue
840 4069 917 4104 unum
939 4052 1041 4117 quidem
1063 4051 1106 4116 qui
1125 4065 1242 4115 praesens
1259 4059 1306 4110 est,
1324 4051 1418 4130 inquo

212 4140 338 4206 ...quadem
357 4155 395 4190 we
412 4155 478 4190 seem
495 4147 522 4189 to
539 4137 636 4202 require
651 4135 729 4186 si...si
743 4152 788 4184 arr·
841 4135 970 4185 mutabilia
980 4135 1065 4184 omnia
1076 4133 1149 4193 fecit;
1166 4134 1271 4183 alterum
1283 4143 1366 4184 autem
1375 4135 1418 4200 qui

208 4231 273 4283 tem
298 4223 350 4273 and
368 4221 430 4273 after
441 4221 508 4288 fieri,
527 4219 671 4270 conuem'ens
685 4224 740 4268 erat
760 4231 789 4268 or
841 4218 936 4267 futurus
966 4223 1011 4276 est,
1041 4230 1099 4265 cum
1125 4230 1247 4265 renouans
1274 4215 1359 4265 omnia
1384 4217 1419 4266 ad

208 4304 333 4367 oportebat.
842 4295 1069 4348 immutabilitatem
1086 4293 1221 4354 transferet,
1235 4309 1340 4358 quorum
1352 4294 1418 4359 prin·

245 4398 283 4448 1⁵·
316 4380 546 4443 inrationabilium]
581 4379 691 4440 Rbusch‚
711 4379 786 4441 Itala,
842 4379 934 4444 cipium
957 4377 1030 4426 nobis
1055 4375 1163 4426 ostendit
1187 4377 1213 4425 iu
1235 4375 1419 4441 dispensatione

209 4483 236 4532 p.
250 4479 305 4516 aas.
843 4457 947 4510 Domini
968 4455 1069 4512 Christi,
1082 4471 1157 4520 quem
1175 4470 1206 4505 ex
1222 4457 1295 4506 nobis
1314 4456 1419 4507 existen-

246 4561 283 4611 17.
311 4562 367 4596 cunr
381 4547 435 4595 uria
451 4546 499 4594 ista
516 4545 539 4594 d.
559 4542 630 4604 saec]
659 4540 714 4591 The
731 4557 788 4591 con·
842 4547 893 4588 tem
909 4537 1062 4588 resuscitabit
1077 4552 1108 4586 ex
1119 4535 1249 4588 mortuis.”
