3292 5206
158 404 214 469 IV.
232 405 341 490 2-6.]
385 443 389 452 ·
527 419 567 468 ru
593 419 645 471 ur.
668 417 719 470 11)
742 417 1003 470 colossuusas.
1300 421 1361 489 307

219 585 362 662 orationi
375 584 528 662 insistere,
544 585 720 670 afflantes
735 586 770 652 in
784 609 821 651 ea
835 609 907 652 cum
915 588 1110 671 gratteram
1124 589 1253 654 actrbm.

219 723 388 805 praecepit
411 722 520 786 sobria
540 731 653 786 mente
669 724 801 786 assidue
816 744 918 808 orare,
934 733 1035 808 atque
1050 726 1175 808 gratias
1189 745 1287 808 agere
1303 745 1364 808 pro

154 823 220 920 illis
236 825 331 888 bonis
346 846 432 909 quae
447 825 510 888 sibi
526 834 602 888 sunt
618 845 638 888 a
654 825 729 889 Deo
745 826 877 892 tributa.

53 1077 59 1088 .
220 1001 349 1055 orantes
367 991 473 1056 simul
484 1002 515 1056 et
524 1004 587 1074 pro
608 991 705 1069 nobes,
722 1002 760 1056 ut
777 991 869 1056 Deus
887 992 1014 1075 aperiat
1033 993 1123 1058 nobis
1141 993 1259 1058 ostium
1275 993 1368 1058 uerbi

155 1089 243 1172 loqui
266 1093 453 1172 mysterium
478 1093 611 1170 Christi,
627 1105 761 1177 propter
780 1093 868 1178 quod
887 1104 918 1159 et
939 1093 1062 1178 ligatm
1084 1116 1179 1170 sum,·
1203 1106 1241 1161 ut
1260 1095 1364 1160 mani·
1404 1093 1419 1160 5

146 1194 266 1276 fertem
283 1195 372 1274 illud,
387 1197 472 1260 sicut
483 1196 629 1260 conuenit
644 1217 692 1260 me
705 1197 800 1282 loqui.

222 1330 298 1393 ‘sed
314 1339 349 1394 et
368 1351 429 1414 pro
444 1331 540 1394 nobis
561 1331 695 1416 (inquit)
712 1342 805 1398 orate
820 1341 858 1396 ut
877 1340 1073 1416 cooperetur
1089 1333 1185 1397 nobis
1200 1334 1367 1398 Dominus

156 1427 190 1494 et
205 1431 324 1495 docere
342 1453 458 1497 omnes
474 1435 639 1516 possimus
648 1433 745 1498 ,illam
762 1455 848 1518 quae
864 1437 897 1498 in
919 1434 1089 1502 Christum
1110 1446 1160 1501 est
1182 1436 1365 1511 ueritatem,

156 1550 217 1615 pro
232 1552 299 1615 quo
315 1543 348 1598 et
364 1534 530 1618 adligatus
546 1555 620 1599 sum
636 1535 679 1599 ad
695 1536 869 1620 praesens!

201 1699 236 1765 in
250 1702 409 1788 sapientia
423 1704 585 1767 ambulate
597 1704 647 1768 ad
656 1726 707 1769 eos
720 1704 877 1789 quisom's
890 1715 974 1782 sunt,
991 1715 1113 1789 tempus
1127 1706 1324 1776 redimentes.
1386 1723 1425 1770 10

222 1844 317 1904 ‘cum
334 1841 511 1924 prudentia
533 1841 668 1926 (inquit)
685 1842 749 1906 illis
764 1843 821 1925 qui
837 1841 988 1907 extranei
1012 1852 1090 1907 sunt
1111 1865 1131 1906 a
1152 1841 1217 1908 fide
1238 1844 1368 1927 discep-

156 1946 283 2023 tamini,
300 1966 455 2029 praesens
476 1955 617 2027 tempus,
639 1955 738 2030 prout
760 1947 961 2009 conueniens
979 1956 1040 2023 est,
1056 1948 1159 2029 probe
1175 1948 1270 2012 uobis
1285 1948 1369 2013 adu-

158 2061 267 2117 tentes
280 2052 302 2130 ;’
334 2071 374 2114 eo
404 2050 495 2133 quod
527 2050 581 2114 ille
605 2052 662 2134 qui
692 2057 865 2134 comparat
889 2049 1023 2133 aliquid,
1047 2051 1091 2113 ad
1114 2071 1210 2114 usum
1233 2070 1367 2115 suarum

159 2155 341 2218 utilitatum
368 2151 450 2218 illud
477 2163 658 2237 comparat.
704 2155 768 2219 hoc
795 2152 900 2218 uoluit
927 2154 1045 2231 dicere,
1067 2157 1227 2238 quoniam
1254 2161 1369 2239 ‘prae-

157 2258 243 2321 senti
272 2266 431 2338 tempore,
459 2257 492 2320 in
522 2276 589 2338 quo
616 2257 706 2322 mala
735 2257 916 2334 abundant,
943 2278 1003 2341 pro
1033 2259 1152 2321 uirium
1183 2268 1367 2322 uestrarum
1387 2265 1422 2332 15

158 2361 320 2445 qualitate
340 2360 421 2426 illud
442 2381 541 2444 agere
556 2369 732 2445 properate
747 2361 838 2445 quod
855 2362 950 2425 uobis
973 2363 1133 2445 expedire
1148 2363 1369 2444 cognoscitis;

159 2476 195 2531 ut
211 2475 245 2531 et
261 2469 430 2531 mercedes
452 2466 548 2529 uobis
571 2467 604 2528 in
628 2464 774 2529 futurum
792 2485 852 2548 pro
867 2466 930 2530 hac
945 2465 1197 2530 conuersatione
1215 2466 1370 2549 prouide'·

157 2568 229 2646 atis,
246 2589 307 2652 pro
322 2568 442 2652 quibus
458 2569 505 2632 ita
520 2567 555 2630 in
570 2567 735 2650 praesenti
750 2567 883 2631 saeculo
899 2566 1168 2632 commoramini?

221 2756 325 2818 sermo
345 2735 450 2799 uester
465 2746 588 2816 semper
605 2733 640 2797 in
652 2733 770 2816 gratia
788 2731 857 2796 sale
877 2731 923 2796 sit
941 2733 1094 2810 conditus,
1117 2732 1199 2796 scire
1219 2727 1369 2817 quemad-

159 2838 288 2900 modum
304 2858 360 2900 uos
373 2837 541 2899 conueniat
553 2835 722 2919 unz'cuique
737 2835 927 2918 respondere.
1384 2831 1427 2879 20

225 2977 420 3056 ‘properate
447 2971 581 3056 (inquit)
607 2972 663 3036 illa
686 2993 772 3054 quae
799 2971 995 3055 prudentiae
1016 2990 1148 3052 semper
1169 2967 1270 3053 plena
1292 2979 1370 3038 sunt

159 3075 320 3159 proloqui,
331 3076 579 3140 considerantes
595 3076 686 3158 quod
699 3084 853 3158 oporteat
865 3075 1041 3158 unicuique
1057 3075 1137 3138 dare
1153 3093 1347 3157 responsum
1361 3095 1369 3151 ;

156 3173 394 3242 conuenienter
408 3179 626 3261 disputantes,
643 3179 742 3242 itaut
763 3180 871 3261 magis
890 3180 1018 3244 donum
1038 3177 1173 3262 aliquod
1190 3199 1234 3242 ex
1251 3179 1369 3244 uestris

156 3283 364 3347 sermonibus
380 3281 490 3366 perfici
507 3282 680 3347 uideatur!
724 3281 775 3346 his
795 3283 936 3348 adiecit:

207 3453 394 3518 smanisestum
409 3453 441 3502 H
495 3467 521 3502 11
540 3469 596 3502 cum
608 3452 766 3517 prudentiam
777 3453 832 3519 quit
846 3451 881 3501 C*
934 3465 962 3501 rr
980 3453 1058 3517 probe
1068 3465 1135 3501 omr
1203 3461 1229 3513 17
1247 3449 1370 3514 prohaue

158 3536 372 3587 conuersationem
387 3533 422 3585 C*
522 3550 552 3598 ²3
569 3534 663 3599 aliquid
679 3533 714 3584 C*
727 3549 743 3582 r
773 3533 914 3600 aliquotH
1008 3549 1039 3595 ²4
1056 3532 1167 3582 adicitC

194 3708 214 3744 1.
239 3690 357 3753 imbtm]
368 3692 579 3754 προσκαρτερεῖτε.
596 3690 653 3740 The
662 3691 738 3740 Latin
819 3705 855 3742 12.
888 3698 1005 3755 praesens
1021 3689 1192 3754 temptando]
1226 3689 1370 3743 Lansrancr

158 3776 269 3826 versions
279 3775 337 3839 give
350 3772 489 3823 “instate''
509 3773 572 3822 Cum
587 3771 634 3836 (lor
646 3772 685 3833 in)
693 3788 735 3836 gr.
785 3771 850 3838 “pr.
873 3781 892 3824 t.
915 3773 949 3822 ad
970 3772 1105 3822 utilitatem
1128 3780 1239 3824 nostram
1267 3789 1368 3839 compn-

157 3858 250 3906 actim
255 3873 268 3916 ;
284 3871 312 3906 so
323 3856 449 3905 Ambrstr.
786 3853 897 3904 rantes.''

192 3956 215 3999 4.
251 3937 321 3986 uerbi
346 3937 424 4002 loqur]
464 3935 541 4001 Vulg.
567 3935 714 3985 “sermonis
722 3935 737 3960 ’¹
818 3935 956 3998 adurentes]
997 3935 1062 3984 This
1089 3949 1149 3998 very
1175 3950 1229 3984 rare
1253 3933 1318 3984 form
1347 3934 1368 3986 is

159 4021 253 4081 (Fure,
265 4020 353 4080 uerbi),
365 4019 422 4069 “ad
432 4017 612 4084 loquendum.”
633 4019 738 4082 [ἐμω
786 4017 923 4082 supported
942 4018 976 4081 by
991 4016 1054 4066 both
1074 4031 1120 4065 our
1140 4017 1219 4068 MSS.
1239 4016 1298 4066 here
1317 4017 1368 4067 and
1449 4067 1454 4078 ,

156 4105 180 4154 is
190 4119 223 4153 an
235 4103 267 4154 Ο.
276 4104 306 4153 L.
319 4103 467 4166 rendering3
484 4101 561 4166 Vulg.
578 4104 595 4128 ‘⁴
603 4099 727 4151 uinctus.”
786 4100 869 4151 below
891 4116 924 4149 on
950 4115 960 4149 1
985 4100 1051 4149 Tim.
1071 4117 1094 4148 v.
1116 4115 1139 4162 3.
1187 4099 1273 4148 Vobis:
1303 4099 1369 4149 “for

191 4199 215 4250 9.
244 4191 293 4248 pro
303 4183 360 4248 quo]
396 4184 466 4232 Read
480 4182 587 4246 perhaps
594 4190 643 4246 pre
654 4199 710 4247 qua.
787 4198 850 4247 your
867 4197 925 4231 own
940 4179 1087 4246 purposes‚’'
1106 4183 1161 4230 “to
1175 4196 1238 4245 your
1253 4196 1311 4229 own
1324 4181 1367 4230 ad·

194 4279 231 4314 11.
265 4261 633 4327 disceptamim]=disceptate;
660 4278 676 4310 a
695 4262 738 4311 de·
788 4260 935 4328 vantage”;
953 4277 995 4312 see
1005 4279 1031 4327 p.
1047 4263 1100 4321 181,
1115 4263 1132 4311 l.
1144 4277 1181 4324 14,
1195 4269 1263 4312 note.

157 4354 252 4412 ponent
275 4346 339 4395 form
361 4352 388 4394 to
409 4345 562 4408 correspond
585 4343 645 4393 with
668 4359 739 4393 some
824 4356 862 4407 19.
906 4340 975 4401 scire]
1004 4341 1107 4400 elotum
1140 4339 1172 4389 cl.
1194 4339 1264 4405 loqui
1284 4340 1310 4400 (1.
1333 4339 1366 4403 5).

158 4427 218 4478 such
230 4425 526 4486 middleastrattyeeoe.
552 4423 735 4490 etp.8,1.4,
788 4423 864 4486 Vulg.
891 4423 943 4471 “ut
965 4419 1080 4481 sciatis”;
1102 4421 1152 4469 and
1172 4435 1200 4470 so
1223 4419 1265 4472 the
1287 4421 1319 4470 0.
1337 4420 1368 4470 L.

155 4515 226 4558 note.
525 4514 526 4518 ’
789 4505 893 4556 Donum
910 4501 1151 4567 αΙὴιισᾰ--χάρισμό
1168 4518 1203 4550 τι.
