3342 5224
300 379 321 439 8
624 393 851 447 Tueooouus
875 395 1168 449 Moesuusmsuus
1353 387 1393 470 [1.
1411 398 1505 468 3-5.

300 571 474 646 peccatum
499 585 579 629 uero
603 586 669 630 non
694 576 766 631 erat
790 565 951 648 ablatum,
978 567 1038 632 sed
1063 577 1097 632 et
1122 569 1222 633 ualde
1249 554 1444 635 uersabatur
1473 571 1505 634 in

301 667 418 745 nobis;
440 689 480 732 eo
495 670 586 752 quod
602 678 637 734 et
652 690 711 754 per
726 672 858 754 singula
882 670 1148 755 praeuaricamus
1173 681 1355 754 momenta,
1371 673 1507 758 quando

302 771 437 853 quidem
468 773 540 848 ista,
573 773 710 856 quando
736 795 815 839 uero
845 775 902 839 illa
931 784 1048 840 contra
1077 775 1160 858 legis
1194 777 1328 842 decreta
1360 786 1506 861 agentes.

203 894 211 912 ·
303 892 364 936 nec
382 882 452 937 erat
467 874 645 957 quicquam
662 875 753 958 quod
769 898 830 941 nos
850 887 965 961 posset
983 900 1004 943 a
1019 888 1160 962 peccato
1179 879 1332 961 liberari3
1356 882 1414 945 sed
1435 882 1508 964 ipsa

270 984 441 1050 5naturae
475 971 672 1041 inbecillitas
702 973 902 1044 adtrahebat
940 1001 1001 1044 nos
1038 973 1082 1045 ad
1112 991 1299 1064 peccatum.
1355 982 1508 1048 Christus
1575 1015 1577 1018 ·

303 1099 382 1142 uero
412 1079 547 1143 ueniens
579 1089 613 1144 et
644 1082 742 1146 morti
772 1082 992 1147 succumbens
1023 1104 1084 1166 pro
1118 1085 1216 1149 nobis
1247 1095 1281 1149 et
1314 1105 1507 1169 exsurgens,

303 1182 537 1247 incommune
562 1184 717 1248 omnibus
741 1184 937 1248 beneficium
963 1186 1140 1268 praestitit,
1166 1186 1297 1252 donans
1327 1186 1423 1251 nobis
1449 1203 1509 1269 per

302 1305 339 1349 se
362 1284 464 1350 etiam
493 1287 739 1351 resurrectionis
768 1289 1047 1354 communionem.
1091 1287 1247 1354 liberauit
1276 1290 1365 1354 enim
1396 1301 1457 1353 nos
1487 1311 1508 1354 a

303 1389 486 1473 praesentis
511 1391 634 1455 saeculi
658 1392 736 1469 uita,
758 1393 791 1454 in
815 1413 881 1474 qua
903 1391 1009 1456 multa
1034 1393 1078 1456 de
1102 1392 1167 1456 illis
1187 1414 1274 1475 quae
1299 1413 1364 1458 non
1385 1413 1509 1457 conue-

253 1509 292 1556 10
304 1492 440 1558 niebant
456 1514 554 1576 agere
570 1495 786 1570 uidebamur;
808 1495 1047 1578 constituitque
1062 1517 1123 1560 nos
1139 1496 1172 1559 in
1188 1517 1247 1580 spe
1263 1496 1392 1560 suturae
1408 1497 1508 1576 uitae,

304 1615 404 1678 quam
443 1598 582 1680 adsequi
621 1598 707 1661 ultra
745 1606 974 1680 expectamus,
1010 1597 1044 1660 in
1080 1598 1355 1663 inmortalitatem
1390 1597 1508 1681 persis·

304 1706 421 1775 tentes,
437 1699 519 1763 etin
537 1699 826 1782 inpassibilitatem
842 1706 940 1763 extra
955 1719 1056 1764 omne
1076 1701 1298 1765 consistentes
1313 1709 1508 1782 peccatum3

304 1798 394 1882 quod
419 1800 510 1865 nullo
534 1803 635 1866 modo
661 1810 829 1884 praestare
856 1802 952 1865 nobis
978 1801 1035 1866 lex
1057 1803 1170 1868 ualuit.
1227 1803 1316 1868 ultra
1343 1823 1423 1887 ergo
1449 1823 1510 1866 nec

304 1899 387 1986 legis
408 1903 596 1987 indigemus
616 1904 803 1971 custodiam
824 1924 885 1968 nec
903 1913 1168 1988 praeceptorum,
1186 1907 1246 1970 sed
1268 1926 1329 1970 nec
1349 1906 1510 1970 constitu·

254 2019 289 2086 15
306 2007 413 2072 tiones
435 2006 537 2072 ullas!
590 2009 680 2091 quod
714 2016 749 2072 et
781 2007 868 2072 bene
905 2009 1137 2092 constringens
1166 2019 1269 2092 atque
1298 2008 1510 2089 confirmans,

305 2112 407 2177 adicit
418 2111 551 2176 dicens:
573 2111 744 2176 semndum
760 2111 958 2176 uoluntatem
973 2111 1042 2177 Dei
1053 2115 1204 2195 etpatrzs
1218 2114 1324 2178 nostri
1330 2111 1366 2189 ,·*
1389 2123 1427 2177 ut
1442 2109 1509 2178 non

305 2213 414 2278 solum
437 2213 667 2297 magnitudine
691 2233 799 2278 rerum
818 2214 878 2278 sed
895 2223 930 2277 et
945 2213 1133 2280 adiectione
1148 2216 1265 2280 uolens
1280 2214 1348 2279 Dei
1361 2215 1511 2278 uolunta·
1584 2243 1586 2248 ¹

305 2445 450 2536 ἀνῄρητο,
466 2445 557 2515 ἀλλὰ
571 2448 633 2538 γὰρ
648 2447 705 2516 καὶ
719 2446 848 2538 σφόδρα
863 2447 941 2534 ἡμῖν
961 2449 1177 2517 ἐπολιτεύετο·
1202 2445 1311 2531 ἐπειδὴ
1329 2447 1394 2537 γὰρ
1415 2445 1511 2514 ἐκτίσ-

305 2577 379 2619 τοτε
400 2553 654 2639 παραβαίνομεν,
677 2553 758 2621 ποτὲ
779 2555 839 2638 μὲν
860 2555 966 2620 ταῦτα
987 2553 1068 2619 ποτὲ
1090 2553 1125 2619 δὲ
1144 2553 1249 2619 ἐκεῖνα
1268 2550 1360 2640 παρὰ
1378 2551 1437 2634 τὴν
1454 2551 1511 2619 τοῦ

250 2672 292 2721 20
306 2655 401 2740 νόμου
427 2654 699 2746 διαπραττόμενοι
722 2657 877 2743 διάταξιν,
904 2659 959 2726 καὶ
982 2655 1022 2741 ἦν
1044 2642 1148 2724 οὐδὲν
1161 2656 1199 2724 τὸ
1230 2659 1287 2724 τοῦ
1316 2653 1514 2743 ἁμαρτάνειν

305 2757 388 2839 ἡμᾶς
412 2759 572 2848 ῥυόμενον,
599 2759 674 2828 ἀλλ’
702 2761 785 2843 αὐτὴ
811 2761 831 2843 ἡ
855 2763 911 2842 τῆς
937 2759 1065 2848 φύσεως
1090 2759 1242 2828 ἀσθένεια
1264 2758 1435 2824 καθεῖλκεν
1457 2755 1513 2822 ἐπὶ
1583 2829 1589 2838 ,

305 2859 342 2926 τὸ
365 2861 502 2929 πταίειν·
518 2862 543 2928 ,ὁ
563 2862 597 2929 δέ
619 2889 658 2948 γε
683 2863 827 2952 Χριστὸς
853 2861 1025 2931 ἀποθανάν
1047 2861 1131 2947 ὑπὲρ
1156 2859 1248 2944 ἡμῶν
1271 2859 1328 2926 καὶ
1354 2855 1512 2938 ἀναστάς,

304 2965 555 3054 παρασχόμενος
580 2966 619 3034 δι’
644 2968 741 3036 αὑτοῦ
766 2968 822 3036 καὶ
842 2967 918 3053 ἡμῖν
939 2967 997 3050 τὴν
1019 2971 1077 3050 τῆς
1098 2965 1308 3038 ἀναστάσεως
1329 2964 1513 3048 μετουσίαν,

306 3067 497 3153 ἀπήλλαξεν
517 3070 601 3154 ἡμᾶς
623 3074 680 3152 τῆς
701 3075 759 3138 τοῦ
775 3071 936 3160 παρόντος
955 3069 1033 3153 βίου
1056 3073 1145 3154 ζωῆς,
1165 3072 1199 3138 ἐν
1217 3068 1238 3156 ᾗ
1258 3067 1374 3136 πολλά
1392 3070 1457 3134 τῶν
1478 3065 1515 3133 ου’

251 3189 289 3255 25
305 3171 534 3254 προσηκόντων
556 3172 829 3258 διαπραττόμεθα·
851 3173 906 3240 καὶ
928 3171 1132 3255 κατέστησεν
1153 3172 1210 3240 ἐπὶ
1232 3171 1342 3238 ἐλπίδι
1359 3173 1417 3254 τῆς
1436 3177 1514 3252 μελ-

305 3270 427 3355 λούσης
443 3275 531 3357 ζωῆς,
547 3275 663 3342 λοιπὸν
677 3272 837 3343 ἀθάνατοί
856 3303 892 3343 τε
913 3275 968 3341 καὶ
990 3273 1128 3347 ἀπαθεῖς
1151 3273 1354 3358 διαμένοντες
1376 3270 1431 3336 καὶ
1454 3270 1515 3352 ἔξω

307 3373 416 3458 πάσης
439 3375 607 3465 ἁμαρτίας·
630 3376 647 3443 δ
671 3376 827 3464 μηδαμῶς
852 3380 1042 3469 παρασχεῖν
1065 3376 1142 3462 ἡμῖν
1165 3376 1182 3443 ὁ
1208 3375 1303 3460 νόμος
1329 3372 1513 3463 ἐξίσχυσεν.

308 3475 324 3544 δ
345 3483 400 3545 καὶ
423 3483 530 3578 καλῶς
552 3481 758 3570 ἐπισφίγγωυ
779 3481 990 3567 προσέθηκεν·
1016 3483 1091 3546 κατὰ
1111 3483 1147 3547 nt
1168 3484 1288 3547 otium
1307 3482 1363 3556 τοῩ
1378 3483 1452 3558 fleo?
1469 3477 1514 3546 nai

309 3585 422 3672 ποτρὸε
441 3588 548 3653 οἰκιῶν.

357 3741 373 3785 4
390 3737 441 3772 non
458 3721 514 3786 (fiir
529 3722 584 3784 nos)
599 3723 621 3772 C
687 3738 714 3774 11
733 3723 792 3790 quia
806 3724 827 3775 C
840 3722 844 3789 Ι
859 3734 884 3774 et
895 3722 959 3774 serui
971 3723 1025 3790 (sor
1034 3722 1100 3784 ads.)
1115 3721 1181 3772 CII
1238 3733 1276 3784 11,
1289 3736 1317 3772 ιτ
1329 3719 1516 3779 inmortalitate,

308 3799 498 3869 inpassibilitate
514 3804 536 3854 C
553 3803 627 3867 (ινιτ)
761 3819 789 3870 ¹⁷
806 3806 1013 3870 magnitudinem,
1032 3805 1199 3855 adiectionem
1219 3803 1241 3854 C
1255 3804 1290 3854 H
1299 3801 1303 3870 Ι
1317 3803 1430 3855 uolentes
1451 3805 1521 3855 CH

310 3904 343 3939 ιο
362 3889 380 3914 “
388 3905 409 3939 v.
429 3885 459 3937 τὸ
469 3887 570 3939 fortasse
582 3887 707 3939 delenda”
720 3889 762 3939 Fr.
878 3906 908 3954 ²3
922 3889 1059 3939 αντοΰεείά.

344 4037 367 4081 4.
391 4017 507 4078 liberari]
524 4016 580 4067 The
588 4031 632 4067 use
640 4016 670 4067 oi
676 4017 803 4083 deponent
810 4017 888 4068 forms
938 4016 1070 4069 Lanimnc.
1086 4015 1124 4069 Cf.
1134 4017 1212 4068 tndt.
1223 4034 1230 4068 :
1247 4017 1353 4079 ἐξείλετο
1364 4015 1391 4067 at
1401 4015 1465 4078 ἡμᾶς
1475 4017 1518 4066 τοῦ

310 4097 350 4148 ior
370 4096 464 4147 actites
486 4097 508 4146 is
528 4095 686 4162 frequentin
709 4097 758 4148 this
780 4097 888 4148 version.
939 4102 1067 4151 ἐνεστῶτος
1078 4101 1189 4162 πονηροῦ,
1203 4099 1460 4160 τοντίστυτῆτκατὰ
1475 4101 1518 4148 τὸν

314 4181 345 4229 In
365 4179 406 4230 the
428 4187 528 4244 present
544 4179 654 4228 instance
670 4178 713 4228 the
729 4179 889 4229 termination
938 4183 1048 4246 παρόντα
1058 4183 1113 4246 βίον
1124 4183 1253 4245 διαγωγῆς.

312 4250 370 4325 may
379 4260 445 4310 have
455 4261 519 4311 been
530 4260 661 4325 suggested
674 4260 708 4325 by
720 4259 762 4309 the
774 4259 823 4310 Gk
836 4259 887 4324 ῥαί-
974 4274 1012 4325 17.
1039 4261 1169 4311 αάὺαιοκι
1177 4258 1324 4324 κοίκκτίια]
1340 4259 1430 4324 Comp.
1439 4259 1516 4308 Oce:

312 4359 391 4402 μενον.
416 4343 506 4407 Comp.
519 4342 628 4405 Ronech,
639 4343 714 4405 Itala,
725 4359 769 4410 pp.
781 4356 885 4407 3οτ-3,
939 4343 1022 4403 ἐπειδη
1036 4343 1086 4406 γὰρ
1097 4343 1184 4406 ἔλεγον
1193 4343 1228 4401 μὴ
1239 4343 1288 4390 δεῖν
1300 4342 1343 4403 &fir
1353 4339 1395 4388 τόν
1406 4341 1478 4398 νόμον
1488 4339 1519 4387 ὡς

314 4425 413 4490 Bensly,
427 4425 540 4490 Misi-ing
547 4425 689 4491 Fragmn't,
704 4443 728 4492 p.
748 4441 785 4490 ¹7·
941 4425 987 4475 τίτί
1001 4424 1055 4474 θεοῦ
1069 4427 1180 4481 δοθέντα,
1198 4425 1313 4473 δείκνυσιν
1327 4423 1365 4471 ὅτι
1382 4421 1423 4470 καί
1439 4421 1468 4469 τί
1484 4419 1522 4481 τῷ

347 4510 370 4556 8.
401 4508 515 4556 liberauit
569 4508 608 4556 Iex
630 4507 725 4570 ualuit]
758 4509 832 4559 Cited
855 4509 889 4572 by
940 4499 1516 4568 χριστῷτιατεῦσαιθέληματοῦτατρδτέστιν.
