3292 5206
144 397 201 461 IV.
221 397 261 481 3.]
507 406 549 457 ru
574 408 626 458 ne.
648 407 700 457 nn
724 407 994 458 PHILIPPENSEs.

1284 397 1351 476 '245

142 580 232 656 bant,
248 579 490 643 contendentes
506 592 605 658 super
626 576 815 660 primatum,
832 583 948 662 utpote
965 575 1141 640 uirtutibus
1162 576 1351 654 adornatae,

142 693 177 748 et
192 693 228 747 ut
245 683 314 747 fieri
330 683 423 760 solet,
440 683 473 744 in
490 681 681 744 huiusmodi
697 681 909 744 contentione
926 677 1220 762 prouocabantur.*
1264 681 1353 744 unde

143 793 177 847 et
200 785 398 848 nominatim
421 803 534 847 earum
551 793 754 846 memoratus
770 791 828 860 est,
846 783 1028 847 secundum
1045 783 1186 846 multam
1203 803 1352 847 reueren-

142 886 236 962 tiam,
252 887 298 949 ita
314 896 351 951 ut
366 886 520 950 suaderet
541 886 589 948 eis
611 885 667 947 illa
686 905 771 966 quae
794 885 883 947 bona
907 894 1008 960 erant,
1025 885 1122 947 simul
1146 894 1183 947 ut
1205 893 1240 948 et
1262 883 1351 967 quod

143 994 284 1057 decebat
313 989 463 1075 personis
493 977 606 1053 earum
636 989 797 1052 redderet.
845 987 968 1051 hocin
995 988 1068 1052 loco
1095 989 1243 1051 maxime
1271 987 1351 1053 illud
1390 999 1406 1066 5

144 1090 300 1176 pos'sibile
323 1102 374 1156 est
396 1093 594 1174 conspicere,
610 1091 768 1173 quoniam
791 1088 882 1154 nulla
904 1111 945 1154 eo
968 1091 1001 1153 in
1025 1099 1175 1174 tempore
1198 1091 1352 1156 discretio

144 1199 287 1261 uirorum
303 1207 374 1260 erat
390 1205 423 1259 et
439 1195 623 1270 mulierum,
639 1195 773 1277 quando
789 1195 940 1259 similiter
950 1196 1232 1279 contemplatione
1248 1198 1352 1279 pieta-

142 1301 184 1360 tis
201 1297 457 1372 adcelerabatur,
473 1297 528 1360 ubi
550 1306 584 1360 et
604 1297 647 1360 ad
672 1316 806 1359 omnem
829 1297 961 1380 plebem
984 1297 1130 1360 scribens
1153 1299 1351 1364 nominatim

142 1419 325 1464 memorare
341 1398 402 1462 has
418 1412 485 1461 non
504 1398 681 1475 dubitaret,
702 1398 880 1480 plurimam
900 1399 964 1462 illis
987 1401 1205 1465 reuerentiam
1228 1401 1261 1464 in
1284 1401 1352 1465 suis

141 1500 349 1564 sermonibus
364 1500 551 1578 adtestans;
576 1499 658 1564 nihil
677 1501 921 1583 pertimescens
939 1521 980 1564 ne
996 1501 1142 1583 aliquam
1158 1503 1219 1565 sibi
1244 1522 1352 1585 repre·
1370 1520 1409 1569 10

142 1600 336 1666 hensionem
364 1602 409 1665 ob
436 1603 543 1685 ipsam
575 1622 711 1666 causam
729 1603 940 1686 prouideret.
998 1603 1135 1667 euidens
1161 1613 1213 1667 est
1238 1612 1351 1668 autem

143 1708 301 1787 quoniam
324 1727 432 1790 neque
452 1707 494 1770 de
516 1705 708 1770 mulieribus
723 1707 907 1784 dubitabat,
924 1727 965 1772 ne
981 1707 1117 1789 quando
1132 1707 1294 1785 edoleant,
1311 1727 1352 1771 eo

143 1812 234 1894 quod
255 1832 367 1875 coram
391 1811 545 1877 omnibus
568 1811 636 1874 sint
658 1811 884 1893 reprehensae.
925 1820 1020 1875 tanta
1043 1819 1114 1874 erat
1135 1811 1352 1875 commonitio

143 1919 232 2000 apud
257 1917 330 1982 illos
353 1917 409 1999 qui
436 1926 517 1979 tunc
540 1925 643 1991 erant,
668 1924 703 1978 et
729 1916 775 1979 sic
797 1914 910 1977 omnia
937 1916 1025 1996 apud
1054 1915 1126 1979 illos
1153 1916 1187 1978 in
1213 1916 1352 1979 caritate

144 2019 276 2096 fiebant,
293 2028 330 2083 ut
345 2018 588 2082 delectarentur
602 2017 714 2101 potius
729 2037 842 2081 coram
858 2017 1013 2080 omnibus
1029 2016 1253 2099 reprehensae,
1267 2038 1351 2100 quae
1369 2038 1405 2104 15

144 2134 256 2186 tamen
280 2142 365 2205 opus
388 2119 558 2184 habebant
583 2131 619 2184 ut
645 2120 983 2203 reprehenderentur3
1007 2130 1041 2185 et
1063 2141 1163 2187 nemo
1186 2122 1243 2200 illa
1266 2143 1352 2206 quae

144 2228 268 2292 fiebant
283 2224 466 2291 secundum
481 2223 583 2287 ullam
599 2223 772 2287 incusabat
788 2224 959 2289 rationem]

207 2379 305 2444 etiam
321 2397 397 2460 rogo
411 2384 444 2440 et
457 2384 493 2452 te,
508 2373 688 2458 coniugalis
702 2373 866 2456 afflcn'ose,
880 2375 1006 2440 adiuua
1019 2397 1082 2442 eas.

208 2497 344 2579 quidam
356 2495 491 2558 beatum
509 2493 648 2557 Paulum
665 2492 944 2556 existimauerunt
954 2491 1033 2556 hinc
1045 2513 1184 2556 uxorem
1197 2491 1352 2559 habuisse

142 2687 316 2770 ἐρίζουσαι,
338 2686 484 2774 ἐνάρετοι
506 2687 605 2755 οὖσαι
627 2688 683 2756 καὶ
707 2687 750 2760 ὥς
770 2687 852 2758 εἰκὸς
871 2689 916 2760 εἰς
934 2688 995 2772 τὴν
1013 2689 1090 2775 περὶ
1110 2691 1176 2754 τῶν
1196 2687 1352 2755 τοιούτων
1366 2713 1408 2761 20

143 2792 235 2877 ἔριδα
250 2790 526 2858 καταπίπτουσαι.

192 2972 206 3021 3
224 2957 267 3022 sed
279 2971 335 3007 cum
348 2956 355 3016 ί
357 2955 405 3020 sor
415 2957 562 3018 secundum)
574 2958 596 3007 C
606 2958 681 3019 (corr)
693 2973 708 3005 r
805 2954 821 3005 6
837 2957 956 3022 possibile
967 2973 1006 3006 om
1015 2957 1048 3006 H
1143 2969 1156 3021 7
1174 2973 1204 3006 ac
1215 2958 1275 3023 (sor
1288 2961 1324 3020 et)
1337 2977 1353 3008 r

146 3052 171 3088 rr
191 3040 267 3089 etiam
285 3039 344 3104 (sor
358 3037 452 3100 autem)
471 3054 487 3087 r
629 3055 658 3090 ra
675 3041 708 3089 ad
726 3039 786 3104 (sor
801 3041 843 3100 de)
864 3039 902 3089 C*
917 3038 922 3104 Ι
937 3040 1062 3090 dubitabit
1081 3039 1120 3090 C*
1135 3039 1139 3103 Ι
1153 3039 1202 3090 bae
1218 3041 1319 3091 doleant
1336 3058 1353 3090 r

147 3137 176 3184 ¹4
193 3127 250 3171 tunt
262 3121 319 3186 (sor
329 3121 396 3186 tunc)
412 3121 447 3171 C*
549 3123 577 3172 18
595 3139 639 3172 eos
652 3124 717 3173 CH

178 3293 200 3328 r.
228 3283 307 3343 οτροοι
317 3276 454 3326 uirtutr‘bus
464 3276 563 3338 adom]
581 3277 620 3327 Cf.
630 3292 718 3343 p.197,

142 3361 159 3411 1.
176 3376 213 3421 rr,
228 3368 294 3411 note.

175 3456 198 3492 ο.
234 3439 444 3506 prouocabantur]
475 3439 578 3505 Jacobi:
598 3445 720 3489 “accura-

142 3525 191 3574 tius
201 3523 330 3574 uertisset:
344 3521 506 3571 inciderunt”
518 3523 571 3583 (see
581 3521 653 3582 Gla).

172 3603 199 3654 6.
238 3603 451 3654 niella...discretab
467 3603 517 3652 uir.
538 3609 592 3652 erat
606 3609 629 3652 et
646 3602 720 3664 mul]

143 3687 233 3750 Comp.
245 3684 317 3736 Th.’s
329 3683 419 3736 comm.
434 3700 467 3734 on
481 3700 490 3734 r
502 3685 569 3733 Tim.
580 3684 605 3733 ii.
618 3699 655 3733 ιο.
678 3683 720 3734 On

143 3767 184 3817 the
196 3767 305 3832 position
316 3765 346 3817 of
353 3781 451 3815 women
469 3765 495 3815 in
512 3764 663 3815 Macedonia
679 3781 720 3815 see

143 3848 182 3897 Dr
199 3846 348 3910 Lightsoot's
359 3846 478 3906 remarks,
494 3847 662 3912 Philr'ppr'ans,
676 3863 720 3912 pp.

143 3943 174 3990 ⁵4
186 3943 224 3992 sq.

177 4023 214 4058 ra.
239 4007 358 4069 edebant]
390 4008 439 4058 See
454 4024 494 4056 vv.
510 4008 538 4058 ll.
565 4009 656 4074 Comp.
677 4009 720 4058 the

143 4089 254 4153 frequent
271 4103 419 4138 occurrence
436 4088 462 4137 in
477 4089 526 4140 this
537 4091 683 4140 translation
694 4091 724 4141 ol

142 4170 185 4219 the
202 4168 358 4233 compounds
372 4167 467 4229 edicere,
486 4169 575 4218 edocere
580 4185 593 4230 ,·
619 4170 670 4219 and
686 4169 719 4219 cl.

143 4250 253 4311 Rbnsch,
266 4249 343 4308 Itala,
356 4265 401 4314 pp.
417 4251 463 4299 180
473 4265 512 4314 sq.

178 4347 215 4395 ¹3·
243 4329 411 4394 'conrmom‘trb]
447 4329 634 4396 “Disciplina”
653 4330 720 4394 (παι-

143 4417 203 4473 δεία,
216 4413 336 4472 νουθεσία,
350 4427 378 4462 or
389 4412 432 4463 the
444 4409 513 4476 like).

178 4499 214 4546 ιθ.
236 4495 373 4562 coniugalis
389 4494 514 4561 afflatore]
548 4496 580 4545 Ο.
594 4495 633 4556 L,
656 4496 719 4546 “di-

772 3278 906 3328 lectissime
933 3275 1061 3337 coniux;¹'
1089 3277 1174 3343 Vulg,
1208 3279 1350 3341 “germane

770 3355 898 3422 compar.”
940 3357 991 3406 For
1010 3357 1053 3406 the
1071 3355 1135 3406 form
1155 3357 1290 3422 coniugalis
1308 3373 1350 3408 see

772 3436 881 3496 Rdnsch,
900 3437 978 3494 Itala,
992 3453 1017 3502 p.
1034 3435 1087 3487 106.
1121 3436 1153 3486 In
1172 3452 1185 3485 a
1203 3436 1270 3486 Tim.
1287 3437 1305 3485 i.
1323 3453 1346 3498 a,

771 3515 823 3568 Tit.
836 3519 852 3569 i.
864 3538 888 3582 4,
900 3534 946 3568 our
956 3519 1089 3569 translator
1100 3518 1200 3569 renders
1211 3518 1305 3580 γνησίῳ
1315 3516 1349 3583 by

769 3601 895 3650 carissimo
902 3617 914 3660 ;
931 3617 980 3660 see,
991 3601 1115 3662 however,
1128 3601 1215 3662 above,
1230 3617 1252 3651 c.
1265 3601 1290 3653 ii.
1306 3619 1347 3656 ao.

807 3697 843 3748 ¹9·
868 3683 971 3748 quatiam
989 3683 1011 3733 b.
1034 3683 1065 3733 P.
1083 3682 1151 3734 exist.
1173 3683 1232 3732 hr'trc
1248 3700 1349 3735 uxorem

770 3762 838 3824 hah]
872 3762 952 3812 Clem.
965 3763 1039 3812 Alex.
1053 3763 1094 3812 led
1107 3763 1149 3812 the
1160 3779 1217 3827 way
1227 3764 1288 3814 with
1300 3765 1349 3816 this

770 3845 957 3910 interpretation
981 3847 1085 3906 (Strom.
1108 3846 1142 3894 iii.
1168 3845 1199 3896 6:
1228 3847 1268 3895 καΙ
1287 3847 1301 3897 6
1318 3864 1349 3910 γε

771 3927 868 3978 Παῦλος
878 3931 921 3977 οὐκ
932 3929 996 3977 ὀκνεῖ
1006 3929 1032 3978 ἔν
1043 3945 1091 3977 τινι
1102 3925 1224 3990 ἐπιστολῇ
1234 3926 1287 3989 τὴν
1301 3931 1348 3979 αὐ-

770 4013 822 4060 τοῦ
834 4012 1021 4073 προσαγορεύειν
1039 4012 1169 4072 σύζυγον,
1184 4009 1213 4070 ἥν
1230 4011 1257 4059 οὐ
1270 4027 1349 4073 repte-

770 4094 864 4156 κόμιζεν
880 4091 920 4140 διὰ
935 4091 1017 4150 τὸτῆς
1028 4089 1159 4152 ὑπηρεσίας
1174 4089 1308 4155 εὐσταλές),
1321 4091 1348 4140 in

768 4173 847 4222 direct
858 4171 1048 4231 contradiction,
1061 4187 1089 4220 as
1100 4171 1149 4220 Th.
1160 4171 1245 4235 points
1255 4179 1307 4232 out,
1321 4179 1349 4222 to

770 4257 797 4306 S.
817 4253 900 4304 Paul's
916 4269 974 4304 own
990 4261 1123 4304 statement
1140 4255 1164 4315 (r
1184 4254 1241 4303 Cor.
1259 4253 1301 4303 vii.
1314 4255 1347 4314 8).

770 4332 886 4382 Clement
907 4347 958 4381 was
985 4330 1102 4381 followed
1129 4330 1164 4394 by
1185 4330 1281 4395 Origen
1303 4333 1348 4393 (on

771 4409 879 4462 Romi.
904 4411 936 4471 r).
983 4411 1039 4460 The
1052 4425 1120 4460 error
1136 4409 1166 4459 of
1179 4411 1221 4462 the
1238 4410 1348 4463 Alexan·

769 4493 854 4545 drians
870 4507 921 4544 was
937 4491 1045 4558 perhaps
1062 4491 1114 4542 lirst
1130 4491 1235 4556 pointed
1255 4499 1298 4543 out
1314 4493 1349 4558 by
