3292 5206
155 393 300 478 111.15.]
512 403 555 458 ru
579 405 634 460 cr.
657 406 709 458 nn
733 404 1005 460 rurcrrrnrrsus.
1298 409 1363 475 239
1432 441 1433 444 r

217 577 432 661 †‘effectum
448 599 503 644 me
518 579 681 644 ueraciter
699 577 884 662 perfectum
905 599 972 644 non
990 581 1201 662 praenuncio,
1216 582 1360 648 necdum

153 679 242 744 enim
267 681 300 743 in
321 680 510 744 fruitionem
535 681 682 746 consisto
703 680 837 746 illorum
858 703 944 765 quae
974 692 1216 766 expectantur3
1245 692 1360 748 tamen

152 783 260 847 sciens
290 781 421 847 illorum
452 783 730 868 magnitudinem,
757 793 908 850 ueterum
938 785 1087 851 omnium
1115 783 1241 850 nullam
1275 785 1361 851 facio

152 885 326 962 rationem,
349 885 392 949 ad
417 883 553 968 plenum
578 885 635 949 illa
661 884 820 948 obliuioni
845 884 1001 964 tradens3
1025 886 1068 949 ad
1090 887 1199 950 futura
1224 907 1303 950 uero
1327 896 1361 951 et

153 1007 239 1069 quae
255 996 477 1070 expectantur
492 1008 605 1051 meum
620 988 805 1070 cogitatum
822 988 980 1065 extendo,
994 1009 1095 1053 unam
1111 988 1238 1053 habens
1254 991 1361 1055 inten·
1397 1003 1412 1070 5

153 1087 289 1162 tionem,
306 1090 349 1152 ad
366 1109 469 1172 quam
485 1089 662 1171 respiciens
677 1090 791 1152 omnia
806 1110 870 1173 ago
885 1091 933 1154 ita
948 1099 985 1154 ut
1005 1090 1170 1173 adsequar
1190 1092 1361 1174 proposita

152 1188 234 1254 mihi
249 1191 398 1273 praemia
414 1192 447 1254 in
463 1211 606 1274 superna
621 1191 994 1258 uocatione’-utdicat
1006 1193 1200 1258 ‘caelestem
1213 1214 1361 1260 commo-

151 1292 334 1366 rationem'
347 1293 390 1357 ad
403 1313 505 1374 quam
517 1301 554 1356 ut
566 1294 790 1376 adsequamur
805 1315 921 1359 omnes
936 1316 1051 1360 sumus
1067 1295 1209 1372 uocati*
1221 1297 1311 1361 unde
1325 1307 1360 1363 et

145 1417 293 1482 regnum
308 1397 428 1462 dicitur
447 1396 637 1474 caelorum;
660 1407 870 1480 resurgentes
885 1399 973 1463 enirn
990 1399 1171 1482 incorrupti
1187 1408 1221 1464 et
1238 1401 1361 1465 inmor-

152 1498 237 1565 tales
260 1500 293 1562 in
316 1499 450 1564 caelesti
473 1519 679 1564 commorare
701 1501 884 1564 secundum
902 1500 1020 1565 datum
1041 1498 1138 1564 nobis
1161 1503 1359 1583 promissum
1377 1519 1416 1566 10

153 1621 335 1683 speramus.
386 1621 431 1665 ex
461 1601 712 1683 comparatione
740 1623 821 1665 uero
847 1601 954 1690 uoluit
983 1603 1169 1680 ostendere,
1195 1613 1359 1686 quantum

154 1704 220 1787 legi
235 1703 293 1767 illa
306 1723 393 1786 quae
408 1711 521 1766 nostra
535 1711 613 1768 sunt
629 1703 829 1785 praecellere
844 1703 1008 1768 uidentur·
1040 1712 1074 1768 et
1094 1705 1252 1787 quoniam
1272 1705 1360 1771 dixit

153 1824 250 1868 suum
267 1824 345 1886 erga
360 1803 424 1868 ista
439 1805 656 1886 propositum,
668 1804 787 1869 docere
802 1805 918 1869 nititur
932 1804 1066 1887 qualem
1082 1813 1235 1889 oporteat
1251 1805 1360 1871 dehis

152 1905 277 1971 habere
291 1907 510 1985 sententiam3
532 1905 653 1970 adiecit
668 1906 792 1970 etenim
808 1904 1098 1974 exhortationem:
1147 1899 1151 1908 “

217 2067 481 2152 quicunqueergo
495 2066 759 2151 summpersecti,
775 2066 1020 2150 hocsapiamus.
1376 2085 1411 2152 15

217 2197 349 2278 ‘itaque
364 2193 420 2278 qui
440 2193 522 2258 illud
538 2194 599 2260 frui
616 2195 706 2278 quod
721 2194 906 2278 perfectum
920 2204 973 2260 est
989 2193 1260 2282 concupiscimus,
1276 2195 1360 2262 haec

217 2427 430 2516 ’γεγενῆσθαι
445 2425 584 2514 ἐμαυτὸν
598 2429 632 2495 έν
646 2433 687 2514 τῇ
702 2428 844 2514 ἀληθινῇ
859 2427 1039 2512 τελειότητι
1053 2427 1112 2496 οάκ
1126 2427 1359 2515 ἀποφαίνομαι,

150 2531 279 2602 οὐδέπω
300 2531 366 2619 ηάρ
385 2533 418 2598 έν
440 2531 624 2599 ἀπολαύσει
638 2536 703 2600 τῶν
721 2531 1003 2619 προσδοκωμένων
1024 2533 1236 2616 κατέστημεν.
1280 2529 1359 2598 ἀλλ’

150 2634 235 2716 ὅμως
257 2633 345 2704 ridde
368 2635 495 2701 ἐκείνων
516 2633 555 2702 τδ
575 2634 718 2716 μεγεθος,
733 2637 800 2701 τῶν
818 2635 879 2718 μὲν
901 2639 1056 2703 παλαιῶν
1074 2632 1234 2702 ἀπάντων
1248 2631 1361 2700 οὐδένα

68 2819 73 2830 Ι
153 2742 310 2820 ποιοῦμαι
328 2737 439 2821 λόγον,
457 2735 539 2824 πρὸς
563 2735 598 2802 δὲ
617 2735 657 2802 τὰ
676 2737 843 2818 μέλλοντα
863 2738 1003 2820 ἐμαυτοῦ
1020 2735 1183 2821 λογισμὸν
1202 2735 1358 2812 ἐκτείνων,
1374 2762 1417 2809 20

151 2843 208 2910 ἕνα
222 2840 350 2908 σκοπὸν
361 2842 436 2928 ἔχω,
453 2838 535 2925 πρὸς
549 2839 585 2906 δν
599 2839 733 2926 ἀφορῶν
746 2839 880 2907 ἅπαντα
898 2839 1044 2929 πράττω,
1061 2839 1151 2910 ὅπως
1165 2838 1208 2905 ἀν
1225 2837 1361 2926 τύχοιμι

151 2948 217 3013 τῶν
230 2941 450 3030 προκειμένων
470 2939 549 3024 ἡμῖν
564 2941 717 3010 ἐπάθλων
739 2940 784 3012 εἷς
804 2939 865 3026 την
888 2943 954 3010 ἀνω
976 2939 1115 3023 κλῆσιν·’
1143 2939 1195 3007 ἵνα
1212 2941 1288 3026 εἴπῃ
1303 2937 1362 3022 τὴν

151 3049 185 3114 έν
200 3049 266 3115 τοῖς
280 3042 426 3131 οὐρανοῖς
440 3041 576 3126 δίαιταν,
590 3041 629 3128 ἧς
643 3043 699 3110 ἐπὶ
713 3046 759 3132 τῷ
772 3050 884 3134 τυχεῖν
898 3043 1084 3130 κεκλήμεθα
1097 3041 1226 3115 πάντες.

202 3241 216 3276 r
234 3231 331 3276 tantum
344 3221 504 3290 (fortumen)
515 3223 551 3275 H
650 3243 667 3287 4
683 3225 811 3275 obliuione
824 3223 893 3275 C’r
996 3223 1013 3275 6
1028 3223 1153 3289 rdsequor
1171 3215 1211 3274 'C'
1223 3224 1257 3274 H
1263 3225 1334 3286 (ass.)
1346 3241 1363 3274 r

153 3307 447 3374 7commemorntiouem
461 3305 500 3355 C*
512 3305 547 3354 H
628 3321 657 3369 ¹4
673 3306 749 3356 edicit
761 3306 902 3358 enimhanc
913 3306 970 3356 exh.
984 3322 1001 3354 r
1086 3319 1115 3368 ¹⁷
1127 3321 1164 3369 sq.
1181 3304 1259 3354 Coisl.
1272 3304 1357 3367 νομί,

155 3403 199 3454 13²
212 3388 229 3437 b
240 3387 293 3450 [Cr.
307 3385 341 3435 vi.
354 3384 409 3449 276,
426 3385 469 3433 Fr.
484 3384 541 3450 ¹39]
589 3385 711 3446 θεόθωροτ.
750 3387 841 3444 ταύτην
858 3386 884 3434 δέ
900 3385 944 3444 την
961 3384 1077 3447 ἐξήγησιν
1098 3383 1213 3445 tuturos
1230 3384 1259 3431 οὐ
1276 3383 1360 3445 τρισέ-

152 3485 211 3518 erm.
251 3467 366 3528 βούλεται
381 3465 432 3528 γὰρ
449 3465 499 3513 ert
517 3465 560 3513 τοῦ
578 3464 626 3513 ’τὰ
645 3466 708 3513 αὐτὰ
726 3465 831 3527 γράφειν
850 3465 905 3526 ὑμῖν
924 3465 976 3522 tuot
995 3465 1039 3522 μέν
1061 3465 1103 3512 οὐκ
1120 3460 1238 3526 δενηρδν,’
1257 3459 1285 3512 δι’
1302 3464 1361 3512 ὅλον

151 3551 206 3614 erpi
222 3550 267 3598 τοῦ
282 3549 316 3607 μὴ
330 3547 379 3596 δεῖν
393 3547 520 3595 πείθεσθαι
535 3544 586 3595 wir
600 3546 663 3596 sord
676 3545 750 3604 νόμον
766 3542 809 3610 ff?
825 3547 910 3597 αὑτοὺι
926 3545 992 3608 [ἡμῖν
1004 3547 1084 3596 αὐτοῖο
1094 3545 1137 3596 Cr.
1147 3552 1196 3608 per
1205 3544 1304 3605 incur.;
1325 3543 1357 3594 cs.

152 3630 207 3692 Fr.]
223 3629 380 3692 βουλομένας
398 3627 532 3677 πείθεσθαι·
547 3627 622 3676 τοῦτο
639 3626 690 3689 γάρ
704 3627 775 3676 ἐστιν
795 3627 809 3677 6
829 3633 904 3688 φησιν
921 3627 1081 3691 γεγενῆσθαι·
1091 3626 1199 3686 έμαοτδν
1210 3622 1271 3690 (ἀι),
1284 3627 1357 3677 κ.τ.λ.

152 3727 183 3776 ²3
201 3714 241 3762 ἐπὶ
252 3714 281 3762 rh
292 3729 315 3760 τ.
327 3711 385 3761 edd.
1347 3715 1352 3724 ·

185 3873 207 3908 ο.
241 3855 403 3923 sno'te'onem]
440 3857 488 3908 see
509 3853 630 3916 Ροοσλετ,
653 3855 731 3906 melec
779 3854 966 3919 bracketedby
983 3853 1035 3904 him
1052 3869 1080 3904 οε
1096 3851 1219 3918 spurious,
1240 3852 1262 3903 is
1280 3859 1359 3904 went·

151 3939 229 3989 Iexist.
243 3939 298 3998 alt„
311 3954 336 4002 p.
353 3952 401 3994 103
417 3937 449 3985 ib.
461 3935 488 3986 ii.
500 3951 526 4000 p.
538 3949 578 3998 ²3·
779 3936 823 4001 ing
837 3935 866 3986 in
882 3935 945 3986 both
961 3951 1007 3986 our
1024 3934 1114 3992 MSS..
1132 3933 1182 3984 end
1199 3934 1233 3998 by
1252 3933 1317 3984 Rab.
1338 3935 1360 3986 is

186 4035 208 4084 5.
239 4019 380 4084 cogitatum]
415 4018 525 4078 Rdnsch,
539 4017 615 4078 Itala,
635 4033 660 4082 p.
673 4019 730 4082 308.
779 4017 892 4068 ascribed
904 4025 931 4067 to
942 4017 1009 4081 Aug.
1043 4017 1099 4066 The
1115 4030 1184 4066 rame
1200 4014 1298 4065 remark
1315 4030 1359 4081 ep-

150 4103 190 4154 Cf.
205 4102 292 4152 Tude:
310 4103 342 4152 εῖτ
355 4101 381 4150 δέ
397 4117 439 4160 μοι
454 4101 544 4150 σκοτδτ
560 4102 589 4150 τδ
605 4101 654 4149 nir
670 4097 731 4149 ἀτο-
779 4097 844 4162 plies
854 4105 881 4146 to
892 4097 935 4148 the
945 4097 1041 4147 clauses
1052 4095 1135 4146 which
1144 4094 1233 4160 Jacobi
1245 4095 1360 4146 brackets

150 4185 262 4245 κειμένων
281 4181 421 4232 ἀπολαῦσαι
441 4183 570 4243 omum.
611 4183 684 4231 τοῦτο
705 4182 732 4231 δέ
779 4172 1360 4236 νῆετιίοκίιιιιένιωσ.,8ιο.,ιοάιθεταάιιιιιε

150 4270 218 4318 ἐστιν
231 4267 306 4326 ἡτῶν
318 4262 423 4328 οὐρανῶν
432 4265 555 4326 βασιλεία.
780 4275 841 4310 meos
852 4257 1003 4321 mr'sr'stistp.
1016 4257 1084 4320 τρο).

186 4364 224 4399 rr.
248 4363 280 4398 ex
294 4344 483 4410 comparatum]
520 4343 575 4392 The
592 4343 732 4408 paragraph
815 4355 853 4405 15.
881 4341 924 4390 Ιιοι
938 4337 1076 4403 sapiamus]
1114 4336 1155 4387 ef.
1173 4352 1198 4401 p.
1213 4351 1270 4395 ooo,
1286 4334 1303 4386 L
1319 4351 1356 4397 to,

149 4429 370 4482 noua-nmmo
399 4425 570 4490 immediately
598 4425 733 4491 preceding
780 4429 847 4474 note.
884 4419 960 4484 Vulg.
978 4419 1051 4469 “hoc
1067 4413 1258 4469 sentiamur”

150 4513 220 4564 these
236 4511 319 4562 words
336 4510 363 4560 in
380 4509 419 4558 Dr
434 4507 545 4574 Jacobi's
564 4507 668 4568 edition,
686 4507 732 4558 but
