3342 5224
315 399 357 462 24
646 392 873 476 ruuooonus
897 391 1188 444 uorsuesrnuus
1326 378 1384 463 [ΙΙ.
1406 393 1453 461 ις,
1474 381 1520 444 16.

313 589 379 651 que
397 553 489 633 enim
499 567 666 649 'dignitate
681 564 932 641 contendentes,
948 575 1174 648 proponentes
1193 586 1253 650 pro
1274 568 1425 649 partibus
1444 569 1520 643 suis,

313 673 454 737 stultum
484 691 558 735 esse
587 679 768 746 censerent,
799 669 855 732 alii
885 679 963 751 post
994 668 1138 746 Petrum,
1172 669 1228 732 aiii
1259 679 1337 752 post
1372 670 1526 746 Paulum,

300 777 416 854 ,alium
435 775 571 858 quidem
594 773 741 856 recipere
762 773 912 836 ueritatis
933 772 1139 855 magistrum.

381 900 487 962 usque
517 878 550 941 in
580 877 668 941 hunc
698 877 808 941 locum
832 878 916 940 bene
943 877 986 940 de
1012 897 1049 940 se
1080 875 1202 940 Paulus
1234 875 1425 941 satisfacere
1459 877 1522 940 sub

283 983 425 1067 5specie
451 979 622 1044 referentis
648 981 848 1063 properauit.
904 981 1017 1043 omnia
1040 980 1177 1062 quidem
1200 1001 1286 1062 quae
1308 1000 1368 1044 sua
1392 978 1521 1042 fuerant

315 1084 547 1168 comprobans,
563 1083 677 1146 omnia
693 1078 877 1164 uero'quae
893 1083 938 1146 ab
952 1083 1150 1146 aduersariis
1166 1081 1256 1146 dicta
1271 1084 1315 1147 de
1334 1104 1371 1146 se
1392 1083 1523 1146 fuerant

315 1187 399 1252 falsa
420 1207 492 1251 esse
514 1186 695 1250 ostendens
708 1206 718 1262 ;
742 1187 790 1249 ita
814 1194 927 1249 autem
951 1187 1104 1250 modeste
1122 1195 1245 1249 cuncta
1268 1186 1460 1269 explicauit,
1485 1196 1522 1250 ut

315 1313 375 1376 per
390 1291 503 1355 omnia
519 1289 633 1373 fugere
648 1289 817 1353 uideretur
830 1289 962 1372 pondus
979 1309 1094 1352 eorum
1111 1291 1287 1353 uerborum
1304 1310 1390 1371 quae
1409 1290 1451 1352 ad
1472 1289 1524 1352 sui

315 1403 458 1467 faciebat
478 1401 739 1466 excusationem.
785 1401 901 1484 incipit
920 1421 999 1464 uero
1019 1400 1097 1464 hinc
1118 1400 1190 1483 ipsa
1211 1398 1373 1482 dogmata
1396 1401 1523 1464 exami-

265 1523 303 1572 ιο
316 1525 395 1570 nare
415 1513 449 1568 et
468 1504 644 1568 ostendere
663 1505 743 1586 quia
762 1502 853 1567 nulla
874 1503 1001 1567 ratione
1022 1504 1145 1566 iustum
1167 1512 1218 1567 est
1241 1524 1297 1566 eos
1320 1510 1398 1587 post
1420 1503 1522 1567 fidem

316 1628 417 1690 quam
441 1608 474 1671 in
497 1606 630 1670 Christo
653 1616 851 1690 acceperant
874 1605 961 1670 ultra
983 1605 1049 1689 legi
1073 1606 1238 1671 inseruire.
1282 1607 1369 1670 bene
1391 1628 1436 1670 ex
1458 1606 1523 1671 illis

315 1711 523 1775 sermonibus
538 1730 623 1792 quos
643 1708 686 1772 ad
710 1711 846 1774 beatum
870 1710 1008 1773 Petrum
1030 1709 1147 1774 fecisse
1169 1710 1302 1774 uidetur
1323 1711 1522 1794 principium

316 1815 514 1898 dogmatum
531 1821 565 1878 et
584 1813 750 1876 examinis
766 1814 917 1896 sumpsit,
935 1813 982 1876 ita
1001 1813 1134 1878 dicens:

338 1933 340 1938 ¹
381 1969 439 2012 nos
453 1957 559 2012 autem
576 1957 698 2011 natura
712 1946 833 2011 ludaei
849 1958 880 2012 et
897 1970 959 2012 non
974 1969 1014 2012 ex
1025 1949 1178 2032 gentibus
1192 1959 1378 2032 peccatores,
1394 1951 1525 2015 scientes

266 2063 299 2129 15
316 2052 468 2136 quoniam
491 2071 555 2113 non
581 2051 782 2133 iustificetur
803 2049 894 2114 homo
917 2051 1121 2132 exoperibus
1146 2051 1235 2134 legis,
1259 2052 1327 2115 nisi
1343 2062 1405 2133 per
1418 2052 1523 2136 fidem

316 2155 390 2219 Iesu
408 2153 540 2228 Christi,
556 2163 588 2217 et
607 2174 666 2217 nos
681 2153 742 2238 [in]
759 2153 867 2216 Iesum
885 2151 1051 2219 Christum
1070 2154 1239 2231 credimus,
1255 2164 1294 2218 ut
1313 2155 1526 2239 iustificernur

317 2261 435 2346 exfide
450 2256 578 2326 Christi
594 2268 626 2322 et
639 2279 701 2321 non
720 2258 917 2340 exoperibus
930 2257 1033 2342 lagu·
1055 2280 1090 2323 eo
1107 2261 1195 2342 quod
1211 2281 1275 2324 non
1293 2261 1525 2345 iustificabitur

318 2361 522 2443 exoperibus
542 2360 623 2444 legis
643 2362 749 2426 omnis
770 2383 852 2427 coro.

314 2551 316 2554 ’
385 2546 465 2603 ‘nos
479 2539 615 2622 quidem
630 2561 698 2604 non
718 2561 762 2604 ex
784 2540 940 2624 gentibus
961 2541 1003 2604 ad
1026 2539 1135 2626 legem
1156 2542 1375 2621 accessimus3
1400 2546 1459 2609 sed
1480 2543 1524 2608 ab

264 2665 306 2713 20
319 2642 447 2726 origine
460 2662 505 2706 ex
522 2642 722 2706 Iudaeorum
738 2643 841 2727 stirpe
856 2644 1098 2707 descendimus.
1133 2653 1363 2709 uerumtamen
1383 2647 1525 2709 scientes

319 2746 477 2830 quoniam
504 2765 572 2809 non
595 2755 646 2809 est
669 2746 827 2830 possibile
857 2768 902 2811 ex
928 2747 1083 2830 operibus
1105 2747 1189 2830 legis
1211 2749 1382 2812 iustificari
1408 2770 1524 2831 quem-

319 2869 431 2934 quam,
457 2849 591 2913 Christo
621 2850 793 2926 credimus,
818 2849 918 2938 simul
949 2871 1009 2933 per
1039 2849 1129 2914 iilam
1160 2851 1261 2915 fidem
1295 2873 1382 2935 quae
1412 2862 1462 2916 est
1492 2854 1525 2917 in

321 2953 455 3019 Christo
475 2961 694 3035 expectantes
710 2962 743 3017 et
759 2954 821 3036 ipsi
837 2952 1026 3031 iustificari;
1044 2974 1083 3017 eo
1099 2956 1190 3037 quod
1207 2977 1251 3019 ex
1268 2957 1422 3039 operibus
1443 2955 1526 3040 legis

320 3055 488 3121 iustificari
512 3077 578 3120 non
600 3057 793 3138 possumus?
841 3056 929 3120 hunc
951 3057 1087 3140 quidem
1111 3077 1245 3122 sensum
1269 3067 1302 3121 et
1326 3059 1359 3122 in
1383 3059 1526 3142 epistola

265 3183 304 3248 25
320 3160 432 3244 posuit
447 3180 548 3244 quam
569 3161 612 3224 ad
635 3160 807 3224 Romanos
825 3160 964 3244 scripsit,
980 3161 1138 3243 quoniam
1156 3180 1223 3224 non
1239 3171 1289 3225 est
1308 3162 1465 3246 possibile
1481 3183 1525 3227 ex

370 3360 384 3407 3
402 3345 504 3410 quidam
523 3343 562 3393 C*
580 3341 614 3394 H
722 3343 876 3409 pdogmate
893 3343 932 3394 C*
947 3346 978 3396 H
995 3343 1059 3410 (ipso
1073 3345 1191 3411 dogmate
1207 3347 1242 3396 H
1256 3345 1340 3412 (cerri)
1458 3361 1484 3396 ιι
1502 3347 1528 3395 b.

320 3433 404 3474 autem
426 3441 458 3476 ex
479 3425 496 3473 i.
514 3425 549 3474 H
562 3420 635 3488 (corr)
735 3440 774 3484 ιι,
796 3440 835 3488 ι3,
859 3425 992 3476 iustificare
1016 3426 1055 3476 C*
1078 3429 1112 3478 H
1223 3443 1252 3478 rr
1277 3429 1347 3479 illum
1372 3427 1412 3478 C*
1434 3429 1468 3478 H

358 3613 396 3648 ro.
427 3598 510 3663 princ.
537 3597 690 3662 dogrnotum]
724 3597 774 3649 Th.
800 3599 902 3664 regards
986 3601 1022 3652 16.
1059 3602 1150 3665 [inJJ.
1172 3604 1199 3653 C.
1219 3605 1350 3667 credimus]
1378 3605 1434 3656 The
1456 3621 1525 3670 prep.

322 3684 365 3744 the
376 3681 505 3746 following
520 3697 603 3731 verses
619 3697 647 3730 as
664 3683 796 3732 addressed
815 3691 842 3733 to
859 3685 902 3734 the
952 3683 997 3733 has
1009 3683 1084 3734 fallor
1095 3693 1139 3736 out
1150 3686 1177 3735 in
1185 3687 1228 3736 the
1237 3687 1328 3746 MSS.;
1346 3687 1377 3738 cf.
1388 3687 1529 3746 Scrivener,

323 3763 422 3813 readers
436 3763 466 3812 of
479 3764 524 3813 the
537 3763 595 3828 Ep..
607 3771 652 3812 not
667 3779 694 3812 as
706 3779 721 3812 a
731 3765 902 3815 continuation
955 3765 1010 3813 cod.
1024 3766 1090 3829 Aug.
1105 3782 1131 3831 p.
1146 3777 1202 3831 497,
1215 3765 1254 3815 for
1270 3782 1286 3815 a
1301 3766 1396 3816 similer
1412 3767 1531 3818 omission

323 3843 353 3894 of
370 3845 393 3893 εἰ
413 3846 444 3894 σι)
463 3841 583 3901 Ἰουδαῖοι,
607 3845 683 3892 nah.
708 3844 742 3906 (v.
762 3845 808 3907 14).
853 3845 902 3896 See
952 3847 982 3895 of
1000 3846 1043 3896 the
1062 3848 1094 3898 ds
1112 3848 1138 3896 in
1158 3863 1174 3897 a
1193 3847 1244 3898 Gk.
1264 3849 1368 3898 cursive.
1404 3835 1532 3899 Credimus

325 3927 490 3990 Meyetodh.
504 3927 522 3976 l.
953 3925 1164 3988 (ἐπιστεύσαμεν)ε
1191 3941 1220 3974 so
1240 3925 1273 3976 O.
1292 3927 1334 3986 L.,
1355 3942 1418 3976 even
1440 3927 1466 3976 in
1489 3927 1532 3977 the

359 4025 397 4070 14.
425 4025 476 4058 non
493 4025 524 4059 ex
537 4008 658 4072 gotthus]
689 4009 745 4059 The
764 4009 861 4074 margin
878 4011 908 4060 of
953 4009 1325 4070 Graeco-istinMSS.,Fand
1340 4010 1369 4060 G.

325 4091 448 4142 Cramer's
468 4092 561 4141 Cotena
581 4089 901 4156 [Cois1.204s.186(c1.
986 4105 1026 4154 ²4·
1060 4093 1121 4142 etin
1132 4099 1167 4156 ep.
1174 4101 1203 4157 p.
1215 4109 1237 4157 q.
1250 4093 1431 4155 odRomanos]
1457 4093 1532 4142 Rom.

325 4175 358 4222 vi.
369 4188 407 4240 39,
421 4175 463 4224 Fr.
476 4171 542 4237 ¹²4i]
554 4175 623 4238 gives
632 4173 681 4223 this
689 4181 813 4223 comment
827 4174 852 4223 in
860 4175 902 4224 the
954 4171 988 4220 iii.
1009 4188 1049 4222 ιο.
1091 4173 1181 4239 Comp.
1201 4173 1272 4225 Th.'s
1291 4191 1382 4225 comm.
1402 4189 1436 4224 on
1457 4175 1532 4223 Rom.

326 4259 389 4306 form
397 4255 448 4306 ent
460 4259 511 4305 rori·
524 4254 552 4304 ἐκ
562 4257 644 4317 γένους
656 4252 900 4318 καὶοῠπροσὴλυτοι,
953 4257 987 4303 ix.
1013 4269 1052 4318 32,
1078 4270 1117 4318 33,
1140 4257 1292 4318 δικαιωθῆναι
1316 4257 1366 4308 dre
1388 4255 1437 4306 τῶν
1458 4259 1535 4320 ἔργων

327 4339 485 4404 introducing
495 4337 512 4388 it
522 4337 582 4388 with
595 4338 637 4390 the
644 4338 726 4387 words
739 4335 839 4398 σκόλιον
846 4339 902 4388 Oto·
953 4339 997 4386 τοῦ
1018 4335 1090 4396 νόμου
1109 4339 1157 4386 τῶν
1174 4337 1307 4402 ἀδυνάτων,
1330 4341 1404 4390 mh.
1426 4338 1533 4405 (Migne.

327 4425 410 4484 δώρου.
444 4423 499 4472 The
514 4423 652 4472 remainder
664 4423 695 4471 of
706 4423 748 4472 the
764 4423 902 4488 paragraph
954 4419 1021 4485 844).

327 4505 400 4568 giren
413 4505 437 4552 in
451 4505 491 4554 Cr.
507 4505 556 4552 and
570 4503 611 4552 Fr.
624 4503 644 4550 is
656 4512 699 4552 not
712 4504 872 4553 Theodore's.
