3292 5206
304 394 367 472 258
636 405 863 458 runooouus
887 405 1180 458 mopsuestenus
1337 390 1375 474 [Ι.
1391 407 1508 474 9-12.

360 588 425 660 pro
439 601 499 662 qno
514 601 571 643 nos
584 600 623 642 en
635 601 700 662 qua
714 579 766 642 die
779 579 971 644 audiuimus
985 600 1047 643 non
1061 579 1220 643 cessamus
1232 578 1296 661 ‘pro
1311 577 1400 642 nobis
1414 597 1508 640 oran-

303 691 349 744 tes
362 691 394 744 et
406 681 612 763 postulantes,
632 692 669 745 nt
689 680 892 763 impleamini
909 681 1084 764 cognitione
1097 682 1275 745 uoluntatis
1287 681 1357 744 eins
1371 680 1407 744 in
1421 681 1511 744 omni

302 782 462 864 sapientia
484 793 516 847 et
536 785 693 848 intellectu
707 783 855 866 spiritali
862 807 877 858 ,·
900 783 1068 848 ambulare
1082 803 1139 846 nos
1153 783 1250 865 digne
1264 782 1333 846 Deo
1353 782 1509 847 arl'omm

304 885 420 948 bonnm
432 885 601 968 placitum,
618 886 654 950 in
671 886 761 949 omni
780 885 962 969 operabam
975 885 1215 968 fructificantes
1234 893 1268 948 et
1287 893 1453 948 crescentes
1475 884 1509 947 in

273 987 479 1071 §cognitione
507 989 579 1065 Dei,
605 989 641 1052 in
670 986 762 1052 omni
788 987 911 1051 uirtute
938 985 1115 1067 confortati
1136 985 1308 1049 secundnm
1330 984 1509 1068 potentiam

298 1089 426 1172 gloriae
439 1090 508 1156 eins
522 1091 559 1156 in
571 1105 695 1156 omnent
703 1091 900 1174 patientiam
914 1100 945 1154 et
958 1090 1237 1173 longanimitatem
1251 1111 1323 1154 cnm
1332 1089 1467 1173 gandia.

369 1246 429 1308 per
454 1228 567 1293 omnia
596 1239 731 1310 optasse
761 1226 824 1306 illis
850 1226 940 1291 bona
964 1227 1103 1302 uidetur,
1128 1227 1191 1290 sub
1214 1227 1325 1308 specie
1351 1225 1509 1291 orationis

304 1330 446 1394 edocens
471 1351 528 1394 eos
554 1331 611 1394 illa
634 1352 720 1414 quae
745 1332 792 1394 eis
816 1331 1068 1394 conueniebant
1114 1331 1195 1394 dicit
1217 1339 1328 1394 autem
1349 1333 1508 1414 quoniam

305 1435 366 1496 ‘ex
382 1453 449 1515 quo
465 1432 521 1497 illa
536 1455 622 1516 quae
637 1435 680 1498 de
696 1435 790 1498 uobis
806 1442 884 1497 sunt
899 1433 1096 1509 audiuimus,
1112 1433 1184 1496 sine
1198 1432 1358 1496 dilatione
1376 1454 1509 1497 oramus

252 1549 291 1598 10
304 1534 351 1598 ita
365 1543 403 1598 ut
418 1537 509 1598 omni
525 1555 623 1599 sensu
639 1535 776 1618 spiritali
793 1535 909 1617 repleti
930 1553 1130 1618 cognoscere
1150 1537 1283 1618 possitis
1305 1537 1368 1601 Dei
1392 1538 1509 1601 uolun-

303 1645 417 1713 tatem,
433 1638 534 1720 digne
552 1639 582 1701 ei
603 1646 837 1700 conuersantes
858 1647 893 1700 et
910 1658 969 1720 per
991 1639 1104 1700 omnia
1124 1638 1254 1720 placere
1277 1640 1306 1701 ei
1330 1660 1509 1723 properan-

303 1749 373 1818 tes;
395 1741 494 1803 itaut
514 1741 592 1804 boni
614 1751 706 1804 actus
727 1739 989 1823 multiplicentur
1011 1742 1044 1803 in
1067 1742 1163 1805 uobis
1185 1763 1245 1825 per
1266 1744 1415 1826 singulos
1439 1747 1510 1810 dies

252 1839 263 1846 “
303 1863 379 1907 cum
396 1851 430 1906 et
443 1843 506 1906 Dei
526 1845 724 1926 cognitione,
741 1843 797 1926 qui
811 1844 934 1926 poterit
947 1865 1006 1908 uos
1019 1846 1200 1910 secundum
1214 1868 1308 1911 suam
1322 1852 1508 1930 potentiam

303 1945 516 2027 respicientes
538 1947 581 2010 ad
602 1967 638 2010 se
656 1967 717 2009 sua
733 1946 859 2030 replere
875 1947 1045 2028 patientia,
1063 1949 1109 2011 ita
1125 1957 1162 2012 ut
1177 1950 1310 2031 possitis
1326 1949 1409 2015 serre
1425 1955 1510 2035 pati-

251 2057 286 2124 15
304 2057 398 2111 enter
412 2050 566 2112 uniuersa
581 2047 637 2113 illa
653 2070 738 2132 quae
757 2050 911 2114 tristitiae
933 2058 1027 2129 sunt;
1050 2052 1097 2114 ita
1116 2059 1154 2115 ut
1174 2053 1335 2135 gaudium
1356 2053 1510 2120 habeatis

303 2150 424 2228 inillis,
441 2158 577 2235 propter
592 2152 683 2216 illam
700 2153 886 2216 mercedem
903 2174 989 2237 quae
1005 2153 1100 2216 uobis
1116 2153 1149 2217 in
1165 2154 1276 2220 futuro
1295 2158 1429 2221 saeculo
1450 2179 1509 2241 pro

303 2251 355 2316 his
377 2262 428 2317 est
451 2251 685 2320 retribuenda.’
729 2256 794 2320 hoc
814 2255 959 2338 quidem,
977 2266 1015 2320 ut
1033 2257 1115 2334 dixi,
1132 2269 1268 2341 optasse
1283 2282 1319 2325 se
1336 2261 1385 2325 eis
1401 2262 1509 2341 dixit;

303 2361 337 2418 et
354 2355 386 2417 in
403 2376 451 2432 e0,
467 2356 548 2419 dum
564 2358 645 2422 dicit
661 2357 717 2422 illa
732 2379 818 2442 quae
834 2359 993 2424 orationis
1009 2370 1094 2439 sunt
1111 2361 1210 2427 docet
1225 2382 1282 2426 eos
1301 2361 1508 2446 diligentiam

303 2457 571 2522 conuenientium
596 2459 764 2526 adhibere.
817 2482 952 2526 sumens
977 2483 1056 2527 uero
1081 2472 1115 2527 et
1136 2465 1318 2547 gratiarum
1342 2466 1508 2530 actionem

248 2579 290 2626 20
304 2578 404 2643 quam
420 2580 480 2643 pro
496 2561 543 2624 eis
559 2563 764 2646 impleuerat,
781 2564 913 2629 initium
929 2567 1032 2630 sumit
1047 2565 1225 2644 doctrinae,
1241 2567 1326 2630 sicut
1342 2569 1375 2630 in
1397 2567 1510 2653 Ephe·

302 2663 426 2725 siorum
442 2661 520 2728 iecit
536 2665 686 2748 epistola,
702 2665 758 2729 ubi
774 2666 838 2729 sub
853 2668 964 2750 specie
978 2667 1160 2750 gratiarum
1181 2665 1321 2731 actionis
1344 2667 1400 2730 illa
1423 2687 1509 2750 quae

303 2773 381 2828 sunt
396 2763 592 2848 dogmatum
609 2789 665 2832 eos
683 2768 772 2832 uisus
788 2777 839 2832 est
855 2770 1072 2847 instruxisse3
1095 2777 1230 2852 propter
1243 2769 1333 2850 quod
1350 2767 1451 2832 dicit:

360 2929 496 3012 gratias
513 2941 643 3014 agentes
661 2931 770 3013 Patri,
786 2931 845 3014 qni
862 2931 978 3015 dignos
999 2953 1056 2994 nos
1078 2930 1193 2996 tabuit
1213 2931 1249 2996 in
1264 2941 1395 3014 portem
1411 2931 1509 2996 sortis

301 3041 485 3097 sanctornm
507 3033 543 3096 in
565 3032 694 3097 lumine.

367 3148 466 3215 ‘haec
491 3149 622 3235 (inquit)
647 3151 856 3237 postulamus
880 3162 958 3216 ante
982 3150 1103 3232 omnia,
1126 3153 1251 3234 gratias
1273 3163 1410 3236 agentes
1434 3151 1507 3215 Deo

350 3329 555 3392 ragnitioneH
646 3329 848 3394 6paclentioli
941 3330 1134 3395 porabamusr
1234 3315 1262 3380 ro
1278 3331 1313 3380 ita
1323 3339 1350 3381 ut
1362 3332 1507 3393 etC(corr)

301 3416 357 3459 utr
453 3424 482 3472 13
499 3409 860 3484 et(aflcum)omC(corr)r
949 3421 976 3472 17
995 3411 1018 3460 ei
1031 3409 1142 3474 (foreis)
1158 3409 1239 3460 C⁵H
1245 3429 1261 3459 r
1344 3427 1373 3476 19
1389 3413 1507 3462 adhihere

301 3491 421 3542 conu.H
513 3505 542 3541 er
561 3491 692 3556 epistolam
707 3491 742 3540 C*
810 3507 840 3556 ²5
858 3507 935 3556 agens
949 3492 1101 3544 CHztxtr

302 3653 359 3713 law,
377 3653 428 3704 and
445 3653 499 3704 thot
520 3653 662 3719 something
680 3654 725 3705 has
744 3655 809 3705 been
831 3657 879 3706 lost
964 3671 1005 3707 no.
1026 3657 1092 3708 sient
1102 3657 1131 3707 in
1142 3655 1280 3720 Eplt.fen't
1289 3654 1338 3721 ep.]
1362 3655 1402 3705 Cf.
1416 3671 1441 3721 p.
1454 3671 1508 3714 rao,

301 3737 364 3787 aller
380 3735 676 3800 nocedim—“legitimis
697 3737 751 3802 ipse
767 3737 879 3787 intende·
931 3736 948 3786 1.
961 3757 984 3800 4,
996 3745 1063 3787 note.

301 3818 366 3880 ret,’'
378 3836 406 3869 or
416 3819 470 3869 that
481 3817 631 3868 laudaretur
642 3819 687 3870 has
697 3820 762 3869 been
774 3819 879 3870 omitted
963 3834 1003 3882 ²3·
1023 3819 1121 3884 gratias
1135 3818 1242 3884 agentes]
1276 3819 1325 3870 See
1336 3835 1377 3868 vv.
1388 3819 1417 3869 11.
1453 3821 1509 3872 The

301 3903 350 3952 and
362 3917 412 3950 non
424 3901 507 3950 added
518 3909 545 3950 to
556 3917 614 3951 save
626 3902 669 3952 the
680 3918 757 3952 sense.
931 3901 1003 3965 sing„
1023 3901 1052 3951 oi
1065 3901 1148 3952 which
1164 3902 1234 3951 there
1251 3901 1272 3951 is
1287 3917 1322 3950 no
1339 3909 1406 3951 trace
1423 3902 1449 3951 in
1466 3903 1508 3952 the

334 3999 357 4047 3.
401 3981 539 4044 ambulare]
582 3985 763 4045 περιπατῆσαιι
792 3983 824 4034 0.
844 3983 874 4034 L.
931 3981 1007 4032 MSS.
1032 3982 1082 4031 and
1104 3981 1215 4031 versions
1237 3981 1267 4030 oi
1285 3981 1328 4030 the
1351 3981 1456 4046 Epistle,
1480 3995 1508 4030 or

300 4065 350 4114 and
362 4063 447 4128 Vulg,
460 4067 509 4113 “ut
524 4063 681 4114 ambuletis.’‘
714 4064 760 4114 Ad
771 4081 842 4114 omen
855 4066 878 4116 b.
931 4059 1097 4126 (apparently)
1113 4061 1139 4110 in
1155 4061 1197 4110 the
1209 4060 1281 4109 other
1294 4061 1406 4122 Fathers,
1421 4062 1442 4111 is
1452 4077 1508 4127 pro·

294 4145 438 4212 placitum
468 4161 496 4194 so
524 4146 658 4206 Ambrstr„
688 4148 732 4196 but
760 4147 879 4212 omitting
929 4143 1006 4207 bably
1027 4159 1043 4192 a
1065 4142 1181 4208 copyist’s
1203 4159 1279 4192 error.
1317 4143 1440 4208 “Dignos
1467 4159 1509 4194 nos

300 4229 400 4277 bonoim.
443 4227 500 4276 The
522 4226 598 4276 Latin
623 4227 734 4276 versions
758 4228 840 4291 prefer
863 4243 879 4276 a
928 4223 1040 4286 habuit,’'
1055 4225 1076 4274 is
1092 4225 1227 4274 oonfirmed
1242 4225 1277 4288 hy
1287 4225 1320 4274 its
1334 4225 1467 4290 repetition
1483 4227 1508 4275 in

300 4311 459 4375 periphrasis.
493 4310 535 4361 On
551 4310 592 4360 the
604 4309 675 4360 other
685 4310 827 4374 handthey
838 4326 879 4359 ure
930 4305 972 4356 the
984 4313 1109 4355 comment
1122 4306 1157 4371 (p.
1168 4321 1223 4372 259,
1239 4306 1266 4354 ll.
1279 4320 1300 4364 1,
1314 4306 1355 4367 4);
1372 4321 1401 4362 so
1413 4306 1507 4372 Thpht.

301 4407 386 4442 nemer
401 4399 428 4441 to
445 4392 488 4441 the
503 4391 607 4455 original
625 4391 651 4441 in
667 4392 732 4441 their
749 4391 880 4456 rendering
930 4391 980 4440 and
993 4390 1118 4438 Ambrstr.

301 4473 329 4524 oi
338 4471 378 4523 διὰ
388 4472 460 4522 rosiro
472 4473 497 4536 (⁸⁸
508 4481 609 4538 propter
620 4471 696 4532 hoc‚”
710 4473 793 4522 “ideo
802 4471 834 4536 ”).
