3332 5210
183 394 243 460 VI.
258 392 368 476 6-9]
582 405 623 457 1u
648 406 701 458 ΕΡ.
724 407 775 457 nu
798 405 975 458 enarras,
1053 414 1057 422 ·
1328 403 1385 473 105

183 588 320 643 naturae
340 575 483 642 mortali.
529 585 564 640 et
582 577 742 660 quoniam
758 576 935 640 eueniebat
954 575 1084 658 aliquos
1101 595 1174 640 esse
1197 575 1284 639 inter
1305 573 1390 652 illos,

183 704 260 747 nam
287 682 372 746 tales
401 681 580 765 plurimam
611 682 821 763 diligentiam
845 681 1070 764 properabant
1094 679 1233 764 implere
1256 687 1293 743 ut
1315 678 1391 743 illos

182 787 239 869 qui
255 785 463 868 deliquerant
479 784 673 849 reducerent
688 783 731 847 ad
748 783 825 847 fidei
841 783 1096 865 antiquitatem:

242 935 451 1000 communicet
479 936 612 1018 (inquit)
644 935 675 999 is
709 933 769 1018 qui
801 933 1019 998 catechizatur
1046 933 1178 998 uerbum
1208 932 1240 997 ei
1273 933 1332 1018 qui
1358 955 1393 999 sc

181 1037 355 1101 catechizat
368 1037 403 1100 in
418 1037 566 1102 arnnibres
580 1037 680 1102 bones.
1427 1046 1443 1113 5

246 1189 291 1251 ‘si
308 1195 358 1250 est
373 1188 510 1270 quidam
527 1187 584 1270 qui
600 1188 700 1251 docet
714 1187 773 1251 illa
788 1208 874 1271 quae
887 1187 997 1252 doceri
1011 1189 1222 1266 conueniunt,
1233 1190 1390 1254 conuenit

183 1288 277 1353 illum
298 1291 355 1372 qui
379 1292 518 1354 docetur
541 1289 640 1352 ualde
660 1290 833 1353 intendere
856 1291 954 1354 dictis
978 1289 1072 1365 illius,
1090 1302 1124 1354 et
1147 1292 1181 1354 in
1204 1291 1300 1354 bonis
1322 1291 1390 1354 suis

182 1397 378 1479 participem
402 1395 495 1459 illurn
518 1396 680 1477 recipere;
711 1395 769 1458 ita'
779 1403 816 1458 ut
839 1394 881 1456 de
904 1394 1025 1477 quibus
1047 1393 1160 1472 habet,
1183 1395 1297 1458 usibus
1320 1394 1390 1458 eius

183 1500 367 1577 ministret;
390 1519 430 1562 eo
445 1499 536 1581 quod
553 1507 682 1562 nonest
697 1498 917 1562 demiratione
933 1497 1081 1582 dignum,
1092 1500 1120 1562 si
1137 1499 1170 1562 in
1186 1498 1390 1581 spiritalibus

183 1603 369 1678 adiuuatus,
386 1601 570 1684 corporalia
586 1604 615 1666 ei
634 1602 677 1666 ad
695 1603 836 1665 inuicem
859 1602 956 1666 suerit
973 1604 1063 1666 uisus
1079 1602 1282 1667 ministrare?
1326 1603 1390 1668 hoc
1407 1613 1447 1661 10

182 1717 296 1770 autem
327 1705 408 1770 utile
438 1704 586 1788 utrisque
615 1713 748 1787 poterat
778 1725 851 1770 esse
863 1727 871 1784 ;
909 1713 943 1770 et
965 1705 1030 1770 illis
1060 1708 1117 1790 qui
1148 1706 1322 1783 docebant,
1353 1716 1390 1771 ut

182 1810 447 1892 animaequiores
474 1809 657 1872 existentes
684 1807 851 1886 docerent,
875 1817 910 1874 et
937 1809 1001 1874 illis
1028 1811 1181 1875 similiter
1203 1813 1260 1894 qui
1284 1812 1390 1880 disce·

183 1912 272 1975 bant.
320 1932 397 1974 nam
413 1911 580 1993 conligare
596 1911 752 1993 cupiebat
772 1933 830 1975 eos
846 1913 879 1975 in
895 1913 1015 1977 affectu
1032 1914 1215 1992 doctorum,
1231 1935 1252 1977 a
1270 1916 1390 1997 quibus

183 2023 217 2077 et
240 2014 359 2077 eruditi
389 2015 483 2097 quasi
510 2013 676 2077 debitores
701 2034 816 2077 eorum
840 2017 967 2098 seipsos
998 2014 1159 2078 deberent
1189 2017 1389 2082 existimare.

183 2119 246 2181 hoc
271 2117 414 2196 faciebat
439 2117 551 2192 etiam,
577 2124 614 2179 ut
638 2125 672 2179 et
696 2116 862 2182 dictorum
899 2121 1055 2183 iuuamen
1082 2139 1158 2182 cum
1189 2120 1294 2185 multa
1320 2135 1442 2204 sus-15

183 2222 331 2304 ciperent
353 2219 546 2284 reuerentia
591 2218 712 2282 deinde
731 2221 851 2285 iterum
874 2221 917 2286 ad
939 2223 1103 2304 integram
1120 2217 1389 2288 exhortationem

184 2321 336 2411 proficit:

247 2478 345 2542 nolite
371 2498 490 2542 errare.
535 2477 626 2540 Dares
654 2496 717 2540 non
747 2475 915 2541 irridetur.
959 2475 1047 2559 quod
1071 2476 1158 2541 caim
1186 2477 1262 2560 quis
1296 2477 1390 2542 semi-

184 2582 321 2656 nauerit‚
336 2579 392 2644 leac
404 2591 435 2644 et
449 2589 567 2656 metet,·
589 2579 743 2662 quamam
763 2579 823 2661 qui
840 2579 983 2643 seminat
1002 2580 1036 2643 in
1051 2601 1148 2644 carne
1160 2601 1229 2658 sua,
1244 2579 1284 2643 de
1296 2601 1393 2643 earne

183 2692 278 2748 metet
304 2683 555 2765 corruptionem
591 2683 650 2765 qui
673 2693 780 2748 autem
803 2685 945 2747 seminat
973 2685 1009 2748 in
1037 2684 1177 2767 Spiritu,
1196 2686 1237 2749 de
1260 2686 1391 2768 Spiritu
1403 2703 1447 2752 20

184 2795 278 2849 metet
290 2786 395 2851 uitam
410 2797 585 2851 aeternam.

250 2949 486 3031 compendiose
513 2948 638 3031 inquit:
665 2947 758 3010 ‘siue
784 2946 841 3011 illa
863 2946 937 3028 quis
963 2967 1049 3030 quae
1074 2947 1182 3010 carnis
1207 2955 1286 3012 sunt
1312 2948 1390 3030 agit,

184 3051 265 3118 talia
296 3055 452 3136 recipiet;
485 3055 555 3116 siue
586 3052 733 3128 meliora,
765 3051 952 3114 mercedem
983 3051 1125 3132 accipiet
1155 3071 1299 3134 aequam
1328 3071 1390 3116 suo

182 3156 304 3221 labori!
350 3166 383 3221 et
399 3157 478 3240 quia
493 3156 642 3220 laborem
658 3154 806 3218 habebat
822 3155 983 3218 uirtutum
999 3154 1148 3230 directi0,
1165 3154 1289 3220 adicit:

248 3310 363 3374 barrum
392 3319 500 3372 aretem
520 3307 682 3391 facientes
710 3327 774 3370 nan
810 3306 1004 3390 deficiamus.
1050 3315 1185 3390 tempore
1218 3305 1305 3371 enim
1332 3323 1442 3392 sucas

184 3424 335 3478 maternus
348 3433 411 3476 nan
418 3411 572 3495 fatigati.

248 3560 335 3624 bene
359 3559 401 3621 ad
428 3577 542 3621 semen
567 3557 661 3630 redit,
686 3575 830 3620 messem
852 3555 966 3619 dicens
988 3554 1180 3620 mercedum
1202 3577 1275 3621 esse
1298 3559 1390 3623 retri-

232 3765 247 3812 3
263 3748 435 3814 delinquerent
449 3745 485 3796 C*
623 3765 649 3808 4,
662 3761 675 3810 5
699 3745 853 3806 catecizatur,
867 3744 991 3804 catecizat,
1007 3745 1190 3803 Centetizatur,
1202 3745 1318 3795 catezizat
1329 3746 1364 3795 H
1373 3744 1377 3810 Ι

182 3830 265 3880 uerbis
275 3831 309 3878 H
385 3827 402 3878 6
417 3828 518 3894 quidem
532 3827 553 3877 C
565 3828 647 3888 (corr.)
663 3826 667 3892 1
681 3828 771 3878 docere
781 3826 849 3875 C'H
936 3839 966 3874 ro
982 3826 1080 3875 adiutus
1094 3826 1199 3887 Clean)
1213 3823 1217 3890 Ι
1232 3826 1265 3875 ad
1276 3826 1357 3876 uicem
1371 3828 1393 3877 C

187 3913 216 3970 18
232 3911 274 3975 qui
288 3909 323 3961 C’
426 3923 454 3974 19
471 3910 503 3959 de
516 3908 572 3973 (sor
582 3909 618 3970 in)
630 3909 665 3958 H
758 3924 797 3970 25,
812 3905 844 3956 26
860 3922 931 3956 suum
943 3911 1065 3956 metemur
1078 3904 1113 3956 C’

216 4101 238 4136 a.
285 4099 345 4133 nam
362 4083 428 4142 tales,
442 4081 501 4144 dre]
534 4082 558 4131 It
575 4081 597 4130 is
613 4080 717 4130 diffieult
734 4087 761 4129 to
813 4078 906 4128 Amiat.
931 4079 987 4128 The
996 4078 1153 4129 Clementine
1161 4077 1237 4144 Vulg.
1246 4079 1339 4144 prefers
1348 4081 1391 4131 the

182 4167 279 4220 believe
301 4166 355 4215 that
376 4165 419 4214 the
442 4165 520 4214 MSS.
538 4179 580 4213 are
602 4163 668 4226 right
691 4163 757 4212 here.
813 4161 887 4210 Latin
910 4161 1077 4210 construction
1100 4161 1272 4210 “catechizari
1294 4161 1390 4211 uerbo.”
1453 4199 1458 4208 ,

184 4249 271 4300 Either
282 4264 351 4298 some
366 4262 433 4296 error
449 4246 518 4296 lurks
535 4246 561 4295 in
577 4261 637 4294 nam
654 4245 720 4302 tales,
732 4259 761 4293 or
812 4243 854 4293 On
865 4243 1015 4301 catechizare,
1029 4257 1071 4292 see
1083 4242 1192 4304 Rb'nsch,
1205 4243 1283 4300 Itala,
1295 4257 1320 4308 p.
1332 4246 1389 4307 248.

183 4347 199 4382 a
211 4331 260 4381 line
271 4331 316 4380 has
328 4329 402 4379 fallen
414 4336 457 4378 out
469 4327 608 4377 asteriam
618 4327 679 4376 illas.
847 4340 885 4374 ιο.
917 4325 1062 4386 adauctus]
1086 4325 1133 4375 See
1144 4340 1170 4389 p.
1183 4338 1223 4390 9².
1237 4325 1253 4375 l
1272 4341 1309 4378 ra.

215 4434 241 4476 4.
275 4409 490 4477 quicarecaaaeur
503 4406 616 4469 uatum]
641 4408 758 4468 ὀκατηχ.
847 4419 885 4468 ι5.
917 4405 1048 4470 datorum]
1070 4405 1106 4458 So
1120 4405 1182 4457 both
1199 4405 1278 4459 Mss.
1307 4405 1389 4458 Pitra:

183 4493 234 4544 cde
256 4492 357 4556 λόγον.
392 4493 428 4544 So
448 4492 481 4543 Ο.
503 4492 533 4541 L.
557 4491 607 4540 and
629 4490 672 4539 the
694 4489 760 4538 Cod.
811 4488 943 4538 doctorum.
