3292 5206
278 391 342 454 280
409 355 411 360 ¹
602 399 831 451 rusononus
855 393 1149 450 mopsuestenus
1286 381 1340 465 ll.
1357 393 1491 461 25-27

279 570 336 634 illa
360 585 446 652 quae
471 572 619 633 'correcta
642 578 720 632 sunt
744 589 805 651 pro
831 570 937 646 uobis,
961 571 1149 652 suscipiatis
1179 569 1222 633 de
1252 568 1318 633 illis
1348 567 1492 652 promis-

279 674 416 738 sionem.
456 671 523 764 ¹hoc
549 681 662 736 autern
689 672 759 735 sine
786 671 898 736 labore
921 683 955 736 et
978 673 1248 736 tribulationibus
1271 671 1340 735 fieri
1365 677 1492 753 nequa-

280 792 381 856 quam
412 782 530 856 potest
589 793 650 856 pro
680 773 732 837 his
761 793 841 857 ergo
870 777 981 857 patior
1008 776 1205 839 circumiens
1231 785 1266 840 et
1295 774 1492 858 praedicans

281 874 436 939 omnibus
466 873 523 938 illa
552 896 638 957 quae
667 878 910 963 suntldirecta,
938 877 985 941 ita
1012 887 1049 940 ut
1079 898 1141 940 uos
1170 879 1342 941 credentes
1368 874 1490 938 affectu

250 994 266 1062 5
282 976 384 1042 animi
400 977 683 1059 propinquitatem
700 976 791 1041 illam
807 1000 893 1062 quae
914 979 957 1043 ad
974 999 1050 1043 eum
1072 988 1123 1043 est
1149 979 1341 1062 accipiatis;
1371 977 1491 1040 horum

224 1069 233 1079 ’
282 1079 372 1142 enirn
387 1097 452 1169 ego
470 1078 569 1142 extiti
591 1074 779 1144 minister*.’
824 1090 859 1144 et
881 1091 918 1144 ut
942 1102 983 1144 ne
1007 1082 1161 1145 uideatur
1181 1081 1251 1145 alta
1273 1079 1406 1164 sapiens
1427 1077 1492 1141 sibi

282 1182 345 1265 ipsi
362 1181 533 1245 ministerii
548 1183 734 1247 adscribere
749 1184 964 1247 directionem
980 1208 986 1248 :

347 1343 519 1408 secundum
548 1345 813 1427 despensationcm
842 1345 909 1410 Dei
935 1368 1016 1430 quae
1044 1346 1123 1410 data
1148 1357 1196 1410 est
1224 1345 1309 1410 milri
1333 1345 1368 1409 in
1394 1345 1492 1422 ιωθίο,

284 1449 458 1531 adimplere
472 1448 604 1512 uerbum
620 1449 692 1528 Dei,
708 1450 897 1531 mysterium
917 1449 1005 1533 quod
1018 1449 1239 1514 absconditum
1253 1459 1301 1513 est
1319 1471 1341 1512 α
1357 1447 1494 1512 saecular

233 1577 273 1624 10
283 1564 315 1618 et
327 1575 349 1617 a
357 1545 637 1636 generationibus;
668 1575 753 1616 nanc
766 1573 840 1617 uero
855 1553 1068 1635 manifestum
1086 1565 1135 1618 est
1152 1554 1272 1618 sanctis
1285 1554 1361 1630 eius,
1377 1553 1494 1636 quibus

221 1645 225 1654 ⁸
285 1659 390 1722 uoluit
404 1656 494 1721 Deus
508 1666 618 1720 notum
630 1657 743 1740 facere
756 1677 837 1740 qaae
850 1667 929 1720 sunt
940 1656 1078 1722 diuitiae
1091 1658 1219 1742 glorias
1236 1657 1384 1740 mysterii
1395 1655 1495 1720 Ιιιιίιιο

285 1763 321 1827 in
330 1761 491 1845 gentibus.

349 1894 432 1958 haec
447 1893 583 1978 quidem
599 1894 700 1958 etiam
717 1893 797 1977 ipsis
812 1893 1021 1962 sermonibus
1036 1894 1070 1958 in
1086 1893 1178 1958 illam
1193 1892 1370 1977 epistolam
1391 1909 1493 1974 quarn

286 1993 440 2080 Ephesiis
456 1998 630 2079 scripserat
645 1997 754 2078 posita
770 2017 842 2059 esse
857 1996 931 2077 quis
947 1996 1102 2072 inueniet,
1117 2017 1158 2060 eo
1178 1997 1267 2080 quod
1289 2005 1324 2059 et
1344 1993 1436 2058 illam
1459 1999 1494 2054 et

236 2114 270 2180 15
287 2100 384 2162 istam
397 2101 440 2162 ad
457 2099 530 2162 illos
545 2100 602 2184 qui
614 2121 650 2163 se
662 2119 728 2163 non
741 2099 895 2163 uiderunt
906 2100 1072 2164 scribebat
1085 2120 1092 2177 ;
1108 2101 1184 2164 ideo
1193 2109 1227 2163 et
1243 2099 1367 2162 multos
1378 2117 1494 2162 sensus

289 2307 385 2374 θέντα
405 2309 484 2392 παρ’
506 2306 613 2382 αὐτοῦ,
633 2303 791 2392 δέξασθαι
810 2309 869 2390 τὴν
890 2307 964 2396 περὶ
983 2305 1091 2375 αὐτῶν
1109 2305 1321 2391 ἐπαγγελίαν·
1345 2309 1441 2376 τοῦτο
1461 2307 1496 2374 δὲ

282 2407 364 2476 ’ἄνευ
387 2409 495 2477 τόνων
518 2409 574 2476 καὶ
601 2410 751 2496 θλίψεων
774 2410 927 2493 γενέσθαι
950 2409 1095 2494 οὐδαμῶς
1121 2409 1190 2477 οἶόν
1213 2436 1249 2476 τε
1272 2405 1323 2490 ἦν·
1349 2405 1430 2492 ὑπὲρ
1455 2403 1495 2491 δὴ

288 2509 411 2580 τούτων
432 2511 566 2600 πάσχω,
592 2511 725 2600 περιῑιόν
746 2512 803 2578 καὶ
824 2511 990 2598 κηρύττων
1015 2512 1142 2580 ἅπασιν
1166 2511 1209 2579 τὰ
1238 2510 1495 2599 κατορθωθέντα,

288 2613 373 2683 ὥστε
399 2615 480 2701 ὖμᾶε
503 2615 744 2687 πιστεύσαντας
766 2618 807 2701 τῇ
829 2613 974 2684 διαθέσει
996 2619 1054 2698 τῆς
1075 2617 1191 2704 ψυχῆς·
1213 2613 1273 2699 τὴν
1295 2613 1376 2702 τρὶς
1398 2612 1497 2681 αὐτὸν

227 2746 277 2815 Ι20
288 2713 452 2787 οἶιιείωσιν
467 2717 632 2804 δέξασθαι·
654 2719 778 2786 τούτων
791 2719 855 2806 γὰρ
870 2720 933 2805 ἐγὼ
947 2719 1111 2800 κατέστην
1125 2718 1287 2789 baduarius?

340 2926 351 2960 1
370 2873 427 2961 sunt
438 2875 548 2961 correcta
565 2925 582 2960 r
677 2913 692 2961 8
710 2911 790 2976 inquit
804 2910 854 2976 (ast
863 2912 940 2977 disp.)
957 2913 1008 2962 add
1022 2929 1038 2960 r
1137 2927 1165 2975 13
1183 2908 1227 2961 illa
1243 2907 1350 2975 epistola
1363 2908 1499 2988 Clcorrlr

292 3007 321 3057 14
339 2994 394 3058 quis
404 3009 443 3043 om
457 2993 480 3042 C
487 2994 522 3042 H
530 2991 534 3057 Ι
549 2993 661 3044 inuenies
675 2995 697 3044 C
707 2991 779 3058 (corr)

291 3183 319 3226 to
336 3175 392 3226 lead
412 3187 462 3238 you
481 3180 508 3223 to
525 3173 569 3224 the
587 3173 649 3224 t'aith
667 3174 702 3237 by
719 3173 802 3224 which
821 3188 869 3237 you
922 3174 964 3225 the
979 3174 1099 3239 perlectly
1115 3173 1216 3223 distinct
1234 3173 1291 3222 idea
1304 3170 1334 3221 oi
1348 3171 1448 3236 Chrys:
1472 3175 1500 3221 οὐ

231 3307 241 3318 ,
291 3259 395 3308 beconn
416 3255 545 3321 partelrers
566 3253 596 3304 ol
613 3251 646 3306 it's
666 3255 781 3306 benefits.
814 3255 871 3305 The
921 3257 970 3320 γὰρ
983 3259 1099 3319 βούλεται
1117 3252 1191 3304 αὐτοῦ
1205 3255 1273 3314 εἶναι,
1291 3251 1348 3303 ἀλλ’
1363 3255 1453 3303 ἐκείνου
1467 3255 1500 3302 τὰ

291 3339 428 3405 preaching
445 3338 474 3388 ol
489 3339 531 3388 the
549 3338 644 3403 Gospei
661 3338 683 3388 is
700 3354 830 3404 necessary
844 3345 871 3388 to
921 3337 1039 3396 rddn...d
1057 3339 1108 3400 ἐγὼ
1125 3335 1224 3398 πάσχω,
1246 3335 1275 3385 δι’
1295 3337 1384 3385 ἐκεῖνον
1399 3336 1498 3397 παι-χω,

290 3438 353 3487 your
367 3421 489 3471 salvation
504 3436 532 3470 ss
546 3421 604 3470 well
622 3435 649 3470 as
666 3420 710 3470 the
727 3421 831 3470 Passion
845 3419 875 3469 oi
922 3419 1008 3480 φησιν·
1038 3415 1101 3468 ὥστε
1123 3416 1157 3477 μὴ
1177 3418 1230 3476 ἐμοὶ
1251 3417 1324 3479 χάριν
1349 3413 1500 3480 ὁμολογεῖτε,

292 3505 335 3555 the
354 3503 447 3565 Crossy
474 3504 518 3553 the
535 3504 610 3554 latter
625 3504 708 3553 would
725 3504 789 3554 have
806 3504 871 3552 been
922 3497 1078 3559 αλλ’ἐκείνῳ·
1098 3493 1423 3560 αὖτὸςγὰρπάσχιιταΐσα.

293 3586 394 3650 lacking
421 3587 447 3635 in
475 3585 547 3636 effect
569 3585 674 3635 without
702 3587 745 3636 the
772 3585 872 3635 former.
955 3581 979 3628 8.
1015 3579 1043 3628 in
1069 3577 1146 3640 uobrh]
1180 3574 1288 3634 εἱςύμᾶι.
1311 3578 1344 3628 Ο.
1358 3578 1398 3637 L.,
1412 3576 1498 3640 Vulg„

286 3670 356 3736 ¹'l'his
376 3666 499 3732 ὑστέρημα
516 3668 537 3718 it
553 3669 598 3718 has
617 3668 681 3718 been
697 3668 772 3734 given
790 3683 830 3716 me
846 3673 873 3716 to
924 3657 1057 3709 “infles''
1086 3658 1292 3724 Cl·p·276‚l.5‚
1306 3665 1374 3707 note.
1403 3655 1501 3706 Notum

294 3749 402 3816 supply.’
435 3750 512 3799 lhdt.
531 3756 628 3814 repeats
646 3749 695 3798 this
713 3749 872 3814 explanation
914 3740 999 3804 fluere
1014 3756 1077 3804 quae
1092 3747 1153 3788 tunt
1167 3739 1419 3802 diuitiae=7wpluaa
1436 3735 1503 3789 vird

294 3834 320 3884 in
331 3833 404 3884 other
413 3833 463 3882 and
479 3833 572 3882 clearer
582 3833 678 3882 words:
696 3835 735 3882 rol
754 3831 767 3881 ὁ
786 3827 873 3880 δεσπό·
923 3818 1034 3871 πλοῦτον
1067 3821 1152 3885 Vulgo
1170 3822 1263 3869 “¹¹⁰1ss
1274 3819 1354 3869 sacert-
1365 3819 1492 3870 diuitias.”

294 3901 873 3974 τηςΧριστὸετὸνὺτέρτῆςέκκληοιιιςκατεθὲ-
959 3919 997 3966 13·
1030 3903 1089 3967 abab
1101 3901 1263 3962 sermonibus]
1294 3903 1373 3951 αὐτοῖς
1388 3901 1502 3964 ῥήμασιν.

296 3998 355 4056 ξατο
383 3996 486 4045 θάνατον
488 4032 547 4044 ......
550 3995 589 4042 καὶ
616 3993 630 4044 ὁ
654 3995 715 4045 θεῖος
740 3991 877 4043 ἀπόστολος
924 3986 980 4035 The
999 3985 1123 4035 reference
1142 3999 1222 4034 seems
1240 3990 1266 4032 to
1285 3983 1315 4032 be
1333 3990 1360 4031 to
1378 3983 1446 4046 Eph.
1466 3983 1503 4032 iii.

298 4076 410 4128 ὡσαύτως
431 4072 492 4137 ὑπὲρ
513 4076 586 4134 αὐτῆς
607 4073 701 4135 ὑπέστη
722 4075 755 4124 τὰ
777 4075 876 4122 ποικίλα
925 4065 998 4118 τ-6,

298 4159 432 4218 παθήματα
436 4195 494 4208 ......
498 4152 695 4220 ἀνταναπληροΰν
723 4158 749 4206 δὲ
775 4155 824 4214 ἔφη
845 4155 877 4203 τὰ
963 4163 1000 4211 15·
1030 4149 1079 4198 ideo
1100 4154 1123 4198 et
1146 4147 1234 4197 multos
1258 4161 1350 4203 sensus,
1372 4145 1430 4210 &c.]
1463 4145 1505 4196 Ci.

299 4235 363 4299 ιἰστ.,
388 4240 473 4299 ιι.τ.λ.,
498 4235 528 4289 ὦς
555 4239 584 4286 τὸ
610 4237 752 4296 λειπόμενον
778 4236 877 4298 πληρῶν
927 4248 954 4297 p.
982 4231 1036 4290 116,
1060 4229 1077 4280 l.
1106 4245 1129 4294 5,
1158 4237 1225 4279 note.
1258 4229 1337 4278 Thdt.
1359 4229 1434 4293 again
1462 4229 1507 4292 (cl.

300 4320 341 4370 irai
362 4321 411 4368 τῶν
432 4317 491 4382 ὑπὲρ
511 4319 597 4368 radron
621 4319 770 4378 παθημάτων
794 4314 878 4378 α’νεχό·
928 4329 954 4378 p.
972 4327 1027 4376 253,
1043 4313 1060 4360 l.
1078 4327 1101 4369 τ,
1117 4315 1185 4372 note)
1202 4309 1293 4360 refuses
1313 4317 1339 4359 to
1358 4309 1417 4359 tale
1434 4309 1507 4360 'l'h.’s

301 4415 378 4458 μενος.
412 4401 522 4449 ἐλείπετο
534 4401 560 4448 δὲ
570 4400 599 4447 τὸ
610 4399 706 4461 κηρῦξαι
716 4399 766 4448 τοῖς
778 4399 879 4446 ἔθνεσιν.
928 4395 993 4445 view
1009 4410 1036 4443 as
1057 4401 1085 4442 to
1107 4395 1134 4444 S.
1153 4391 1235 4442 Paul’s
1256 4400 1322 4442 want
1342 4392 1371 4440 oi
1391 4395 1509 4457 personal

303 4483 391 4546 Meyer
401 4481 526 4545 strangely
536 4479 675 4530 consounds
686 4481 736 4530 this
746 4482 810 4530 view
818 4479 879 4528 with
929 4475 1108 4541 acquaintance
1128 4473 1190 4523 udth
1213 4474 1256 4523 the
1279 4473 1431 4534 Colossinus,
1457 4477 1509 4526 and
