3292 5206
161 378 219 446 IV.
240 382 386 466 17-19.]
520 397 562 447 m
587 395 639 451 nr.
662 397 713 448 nn
736 395 1011 450 emmennusas
1306 393 1366 461 251

161 565 218 630 illa
232 587 318 649 quae
331 567 376 631 ad
393 589 471 632 usus
488 568 747 634 necessabantur
767 568 920 633 misistis!
966 569 1043 632 nam
1065 567 1156 651 quod
1177 565 1267 632 dixit
1287 587 1370 630 com-

161 671 351 736 municastis
371 671 407 736 in
429 673 587 736 rationem
609 672 683 736 doti
702 684 734 736 et
753 673 875 755 accepti,
892 671 956 735 hoc
976 671 1064 748 dicit,
1081 690 1149 734 non
1165 673 1243 753 quia
1258 670 1370 752 aliqua

160 772 295 854 quidem
311 774 382 856 ipse
397 773 499 851 dedit,
515 772 580 837 alia
599 795 678 838 uero
700 775 756 850 illi,
773 775 832 838 sed
853 776 944 858 quod
968 775 1013 839 illi
1037 774 1173 858 quidem
1196 773 1368 856 dederunt,
1465 789 1468 796 ·

161 873 231 954 ipse
247 896 325 939 uero
342 877 513 959 acceperit.
560 877 846 966 ‘communionem
870 878 940 942 dati
961 888 996 942 et
1018 875 1162 958 accepti'
1186 876 1250 939 hoc
1272 874 1368 950 dixit,

160 994 201 1037 eo
223 976 314 1058 quod
337 977 384 1040 illi
407 979 542 1060 quidem
566 979 738 1056 dederunt,
756 981 827 1062 ipse
848 1000 928 1043 uero
948 980 1085 1062 accepit.
1131 987 1165 1042 et
1181 978 1300 1042 iterum
1317 997 1369 1039 os·
1409 980 1424 1047 5

161 1079 310 1157 tendens,
326 1083 484 1163 quoniam
501 1102 567 1145 non
586 1102 647 1164 pro
663 1081 727 1146 illis
742 1101 829 1164 quae
845 1083 926 1146 data
941 1083 1004 1146 sibi
1020 1082 1153 1146 fuerunt
1169 1083 1232 1144 ista
1247 1080 1349 1144 dicit:

226 1245 289 1286 aon
303 1225 381 1306 qaia
402 1226 530 1308 requiro
549 1225 672 1302 datran,
687 1224 747 1288 sea'
764 1225 893 1308 requiro
906 1227 1067 1309 fractam,
1088 1225 1147 1307 qai
1166 1224 1313 1288 abundat
1334 1223 1370 1288 ia

162 1328 318 1392 rationem
334 1340 483 1392 uestram.

228 1447 309 1512 ‘hoc
324 1449 398 1513 dico
417 1446 549 1533 (inquit)
563 1467 630 1510 non
646 1457 782 1531 propter
797 1446 853 1510 illa
868 1467 952 1531 quae
968 1446 1048 1510 data
1064 1455 1150 1522 sunt,
1164 1445 1224 1510 sed
1240 1445 1370 1510 institu-

163 1559 235 1614 tum
258 1559 405 1614 uestrum
426 1549 600 1626 conlaudo
616 1550 709 1612 cuius
725 1548 896 1612 euidentes
917 1557 1049 1612 suntet
1071 1546 1206 1609 fructus.
1251 1546 1370 1608 dantes
1389 1562 1428 1610 10

162 1655 252 1718 enim
267 1654 407 1718 multam
424 1655 520 1717 uobis
535 1653 727 1717 mercedum
743 1652 993 1716 retributionem
1006 1647 1215 1734 prouidistis'
1249 1649 1371 1712 deinde

163 1756 305 1820 adiecit:

226 1897 323 1962 habeo
351 1907 459 1961 autem
488 1899 598 1962 arania
621 1898 663 1962 et
680 1898 830 1974 abando;
859 1897 993 1980 repletas
1020 1917 1103 1974 sam,
1129 1895 1302 1980 concipiens
1329 1897 1371 1960 ab

162 2001 383 2084 Epaphrodito
397 2022 478 2083 qaae
492 2023 514 2064 a
529 2004 618 2068 nobis
633 2001 733 2066 arcessa
747 2011 833 2078 suat,
842 2001 968 2064 odorem
979 1999 1163 2078 suavitates,
1175 1998 1371 2084 sacrificium

161 2109 351 2191 acceptabile,
368 2108 577 2191 beneplacens
591 2105 666 2171 Dea.
1389 2117 1424 2183 15

229 2236 403 2319 ‘quoniam
430 2237 542 2299 omnia
572 2235 679 2318 recepi
710 2255 797 2317 quae
828 2254 849 2297 a
878 2232 974 2297 uobis
1005 2233 1107 2296 missa
1133 2241 1230 2310 sunt;
1263 2232 1370 2314 magis

163 2346 275 2414 autem
292 2349 325 2404 et
341 2339 502 2422 ampliora
517 2339 656 2420 suscepi,
673 2357 758 2419 quae
773 2356 833 2420 per
852 2334 1119 2418 Epaphroditum
1141 2355 1161 2398 a
1183 2332 1279 2397 uobis
1302 2332 1370 2396 sue-

163 2451 238 2505 rant
253 2440 371 2507 missa.'
415 2441 595 2505 ostendens
610 2443 768 2524 quoniam
785 2450 819 2504 et
835 2440 956 2505 multas
973 2439 1036 2502 illis
1052 2439 1151 2504 refert
1165 2441 1289 2523 gratias
1310 2461 1371 2523 pro

162 2546 281 2627 quibus
304 2546 474 2621 dederunt,
499 2544 706 2627 propositum
731 2544 863 2606 illorum
889 2542 964 2626 plus
990 2544 1235 2626 praehonorans
1269 2566 1369 2629 quam

162 2647 219 2710 illa
237 2668 322 2730 quae
345 2649 446 2711 missa
468 2657 555 2710 sunt.
601 2656 674 2710 orat
697 2655 808 2710 autem
833 2666 893 2728 pro
916 2646 989 2724 illis,
1013 2657 1051 2712 ut
1073 2647 1267 2713 sacrificium
1291 2650 1369 2714 boni
1386 2660 1428 2707 20

163 2747 273 2811 odoris
297 2746 353 2811 illa
377 2750 449 2830 ipsa
472 2759 549 2810 ante
575 2747 685 2810 Deum
712 2747 903 2829 adposcent,
924 2766 1065 2830 quorum
1089 2748 1214 2830 recepit
1234 2750 1369 2831 quidem

163 2851 380 2933 propositum,
397 2851 547 2914 retribuit
563 2870 641 2913 uero
657 2851 706 2912 eis
721 2849 812 2912 illam
828 2870 915 2931 quae
930 2871 949 2912 a
966 2870 1001 2913 se
1017 2860 1089 2913 erat
1102 2851 1264 2932 gratiam:
1402 2833 1409 2845 ⁶

227 2985 318 3048 Deus
340 2994 448 3048 aretem
471 3003 559 3046 meets
580 2984 699 3066 repleat
719 3003 843 3046 amorem
866 2985 1078 3048 necessitatem
1101 2995 1244 3048 uestram
1265 3007 1371 3049 secern-

163 3086 241 3149 dam
256 3085 396 3150 diuitias
408 3106 486 3149 suas
501 3086 536 3148 in
546 3085 658 3169 glarea
674 3085 709 3148 in
727 3085 855 3152 Christo
870 3086 952 3149 Iesu.

228 3224 302 3279 orat
317 3234 376 3298 pro
393 3212 466 3288 illis,
484 3223 520 3277 ut
536 3223 569 3277 et
585 3213 765 3277 secundum
779 3221 987 3296 praesentem
1004 3213 1108 3276 uitam
1120 3211 1228 3277 omnis
1241 3213 1370 3278 illorum
1386 3228 1404 3273 2
1409 3223 1424 3291 5

213 3393 224 3426 1
243 3375 382 3427 necessaria
400 3375 557 3425 habebantur
570 3375 676 3436 Cicorr)
709 3389 809 3424 neeesse
819 3374 976 3423 habebantur
986 3372 1019 3440 ri
1034 3374 1146 3424 missistis
1160 3375 1183 3424 C
1192 3375 1265 3435 (corr)
1280 3371 1285 3439 Ι
1300 3390 1371 3424 num·

162 3459 223 3524 quid
236 3459 295 3522 (sor
309 3473 367 3508 nam
379 3458 457 3522 quod)
470 3474 486 3506 r
582 3457 730 3521 4acciperit
746 3455 781 3505 C'
815 3456 966 3521 acciperetr
1065 3472 1091 3505 ιι
1110 3457 1224 3506 mercede
1238 3455 1273 3505 C'
1307 3472 1370 3505 mer·

162 3541 230 3591 cedis
244 3542 265 3591 C
275 3542 350 3602 (corr)
363 3541 503 3590 mercedem
516 3539 550 3589 H
555 3537 587 3603 νΙ
602 3547 627 3588 et
639 3539 689 3602 (nst
699 3539 849 3599 mercedem)
860 3539 937 3588 adde
1036 3553 1064 3588 ια
1082 3539 1194 3588 adicitC
1293 3553 1322 3602 17
1339 3541 1371 3588 ab

162 3622 464 3689 Ephairoditnmauobis
476 3621 702 3672 missaiuerantH
798 3635 827 3686 19
846 3621 1014 3685 praehonoras
1028 3619 1063 3670 C*
1162 3635 1191 3671 οι
1211 3620 1326 3686 recipitr

198 3782 219 3818 1.
255 3768 449 3830 mcessabantur]
482 3767 530 3818 See
546 3783 586 3816 vv.
599 3767 626 3816 ll.
642 3767 692 3816 and
709 3767 741 3816 ci·
793 3765 878 3830 Vulg„
894 3763 1116 3816 “abundantem”

163 3855 247 3912 supra,
264 3864 288 3912 p.
303 3863 358 3913 229,
372 3849 388 3898 l.
404 3861 426 3911 5.
463 3847 570 3896 Venant.
592 3847 694 3895 Fortun.
714 3847 744 3894 de
823 3863 881 3904 ,ια
915 3849 1051 3897 mercedum
1067 3847 1164 3910 retrih]
1200 3847 1246 3908 τὴν
1264 3849 1371 3909 derepto-

164 3946 187 3980 v.
203 3931 230 3978 S.
242 3929 356 3978 Martini
366 3929 393 3978 ii.
406 3945 468 3992 μοι
488 3929 561 3978 “nisi
572 3929 640 3993 quod
652 3935 741 3978 natura
793 3930 847 3977 θίαν
860 3930 889 3990 (s.
901 3927 1113 3992 μισθαποδοσίαν).

164 4009 328 4061 necessat·''
828 4025 865 4070 14.
884 4009 1030 4074 socn'sia'um
1039 4009 1267 4075 ncc.beneplocens]
1284 4011 1371 4076 Vulg.,

197 4109 220 4142 ο.
238 4090 740 4156 nonque'oaliquoqraileoeipsa,&c.]Th.
795 4091 926 4140 “hostiam
949 4098 1087 4155 acceptam,
1110 4091 1276 4156 placentem.”
1320 4093 1372 4148 For

162 4174 220 4224 thus
240 4173 327 4237 rejects
345 4173 388 4222 the
404 4173 592 4236 interpretation
609 4173 638 4221 oi
652 4171 740 4236 Chrys.
791 4173 939 4236 acceptabilis
966 4189 1007 4223 see
1035 4173 1145 4232 Rb'nsch,
1167 4174 1242 4235 Itala,
1266 4190 1291 4238 p.
1316 4190 1371 4240 109,

164 4256 332 4322 (ἐκοινώνησαν
339 4255 371 4304 etr
380 4255 454 4315 λόγον
462 4255 549 4304 δόσεως
557 4254 604 4301 τῶν
611 4255 738 4316 σαρκικῶν,
791 4253 956 4301 Necessitatem
969 4253 1088 4316 (χρείαν);
1105 4253 1191 4318 Vulg„
1205 4254 1357 4309 destiter-ium.

162 4339 200 4386 rat
219 4338 317 4399 λήψεως
334 4334 382 4383 τῶν
401 4333 579 4396 πνευματικῶν)
592 4336 643 4385 and
656 4335 738 4398 Pelag.
826 4347 865 4396 25.
888 4334 1139 4398 conpraehendant]
1171 4335 1258 4396 Thdt.,
1278 4351 1310 4384 on
1328 4337 1373 4387 the

164 4422 190 4479 (¹¹
200 4419 287 4468 dantes
298 4417 407 4467 carnalia
417 4415 555 4481 spiritualia
566 4416 696 4480 accepistis
704 4415 738 4476 ”).
792 4424 920 4480 contrary:
938 4417 980 4467 τὸν
996 4413 1135 4480 ἐπουράνιον
1152 4413 1231 4466 αὐτοῖς
1247 4413 1372 4472 (teretem

198 4515 219 4563 7.
255 4500 300 4566 qui
333 4498 455 4561 abundat]
487 4500 529 4548 τοι
565 4498 739 4562 πλεονάζοντα.
792 4515 833 4548 κεν
844 4497 957 4550 πλοῦτον.
