3340 5232
270 396 335 444 220
605 355 834 445 rnaouoaus
857 391 1148 446 uorsuus‘muus
1371 381 1432 465 [11.
1450 383 1470 446 8

267 563 375 629 dixit:
397 563 457 648 q'ui
476 562 640 648 informa
658 565 796 630 uthans
815 573 850 630 et
870 567 1006 651 reliqua,
1022 568 1136 632 omnia
1154 566 1212 632 illa
1232 567 1320 632 dixit
1341 568 1476 653 quaein

266 685 408 750 persona
424 666 662 750 intelleguntur
677 667 800 733 Christi
813 688 821 746 ;
835 670 989 751 sormam
1011 689 1091 733 uero
1110 671 1208 749 serui,
1225 691 1267 734 ne
1289 671 1379 734 aliud
1395 670 1477 753 quid

267 779 398 852 praeter
416 769 585 834 Christum
606 791 679 835 esse
699 772 910 835 existimetur
934 782 1113 856 reputasse,
1139 795 1179 837 eo
1203 774 1294 858 quod
1315 784 1349 838 et
1369 775 1413 839 ab
1436 797 1477 840 eo

266 877 310 939 sit
334 885 478 958 accepta.
524 875 637 938 dicens
656 895 735 938 uero
756 895 972 959 quaecunque
992 877 1194 959 oportebant
1213 878 1255 942 de
1278 877 1393 942 diuina
1412 877 1477 942 dici

236 995 251 1062 5
268 985 394 1054 natura,
411 977 454 1040 ad
470 977 666 1042 humilitatis
681 987 899 1060 augmentum
915 979 1088 1042 coniunxit
1104 989 1137 1044 et
1153 979 1209 1043 illa
1225 1001 1310 1063 quae
1325 981 1478 1044 humani-

267 1081 346 1144 tatis
376 1089 454 1144 sunt
484 1081 617 1165 propria
647 1080 680 1143 in
711 1101 778 1144 una
814 1081 999 1166 eademque
1036 1103 1186 1165 persona.
1233 1083 1346 1148 dicens
1384 1085 1476 1150 illum

267 1181 436 1260 honorem,
452 1185 508 1266 qui
524 1203 603 1266 erga
618 1203 694 1246 eum
711 1193 787 1265 post
807 1185 996 1266 passionem
1018 1186 1143 1258 existit,
1159 1187 1303 1250 adiecit:
1325 1188 1478 1270 quoniam

267 1285 417 1350 dominus
431 1286 521 1350 Iesus
538 1285 695 1364 Christus,
712 1287 884 1351 euidenter
898 1288 1087 1369 ostendens,
1104 1291 1261 1373 quoniam
1285 1311 1352 1355 non
1375 1291 1478 1356 alium

267 1385 412 1477 aliquem
436 1401 567 1475 praeter
590 1391 757 1457 Christum
780 1392 953 1456 existimat
975 1414 1047 1456 esse
1070 1403 1260 1475 susceptum
1286 1393 1478 1474 hominem;

217 1518 256 1565 10
269 1505 303 1559 et
332 1495 454 1559 uirtute
484 1494 615 1558 illorum
645 1515 731 1577 quae
768 1493 996 1576 significantur
1033 1504 1224 1559 naturarum
1255 1495 1476 1561 differentiam

269 1597 423 1662 ostendit.
469 1617 548 1660 narn
568 1617 613 1660 ex
632 1595 689 1659 illo
710 1597 799 1679 quod
823 1596 857 1658 in
880 1617 945 1659 una
967 1616 1110 1678 persona
1130 1598 1243 1661 omnia
1264 1596 1361 1674 dixit,
1376 1619 1479 1681 copu-

269 1700 429 1765 lationem
453 1701 652 1763 sufficienter
677 1699 832 1762 ostendit
877 1700 990 1762 omnia
1020 1699 1154 1781 quidem
1187 1700 1220 1762 in
1249 1698 1324 1763 loco
1348 1700 1404 1765 ubi
1434 1701 1478 1764 de

270 1801 403 1869 Christo
427 1803 586 1886 disputat,
609 1802 703 1885 quasi
728 1801 770 1864 de
795 1822 860 1865 una
884 1821 1026 1883 persona
1049 1801 1200 1865 uniuerse
1227 1801 1326 1880 dicit;
1350 1812 1383 1865 et
1410 1799 1479 1878 illa,¹

269 1931 355 1993 quae
380 1910 501 1972 uirtute
527 1915 604 1970 sunt
630 1907 817 1970 differentia
841 1906 1024 1968 secundum
1049 1913 1240 1969 naturarum
1272 1904 1478 1981 diuisionem,

217 2033 252 2100 15
270 2012 303 2074 in
330 2030 433 2074 unum
462 2010 576 2074 omnia
606 2007 749 2091 collegit,
779 2009 825 2071 ita
849 2017 886 2071 ut
913 2007 1090 2070 indiuisam
1122 2008 1287 2071 custodiat
1317 2028 1479 2090 personae

269 2114 525 2197 copulationem.
569 2111 633 2175 hoc
649 2132 727 2175 uero
743 2112 776 2173 in
795 2111 869 2174 loco
885 2120 918 2174 et
934 2112 1083 2174 maxime
1105 2110 1168 2176 hoc
1184 2112 1364 2195 prudenter
1377 2112 1477 2176 simul

270 2225 304 2280 et
325 2217 507 2279 necessarie
527 2216 634 2298 egisse
656 2214 797 2277 uidetur.
843 2235 910 2277 non
931 2224 1067 2297 propter
1081 2216 1354 2278 consuetudinem
1370 2215 1477 2280 solam

270 2337 372 2400 quam
387 2315 535 2379 abutitur
549 2315 593 2379 ad
608 2313 837 2397 scrupulosam
854 2317 1039 2379 doctrinam
1055 2318 1231 2400 dogmatis,
1247 2318 1307 2381 sed
1323 2327 1358 2381 et
1372 2339 1479 2400 quan·

270 2431 341 2485 tum
357 2423 400 2484 ad
417 2439 572 2503 praesens
587 2425 829 2501 argumentum,
846 2419 944 2483 ualde
965 2419 1046 2484 haec
1064 2421 1190 2504 species
1213 2422 1409 2484 narrationis
1429 2421 1477 2484 illi

215 2546 257 2594 20
270 2522 497 2587 conueniebat.
543 2521 752 2606 propositum
777 2520 824 2585 illi
850 2531 922 2586 erat
951 2523 1040 2586 enim
1071 2532 1108 2586 ut
1134 2523 1268 2586 doceret
1294 2533 1328 2587 et
1355 2522 1478 2606 Philip-

270 2648 396 2711 penses,
421 2626 578 2711 quoniam
603 2626 693 2691 bona
714 2632 765 2689 est
791 2624 962 2689 humilitas
992 2635 1027 2689 et
1050 2624 1149 2690 ualde
1173 2626 1337 2691 sufficiens
1364 2627 1476 2710 agenti

319 2817 334 2860 4
352 2796 412 2846 dicit
425 2795 484 2861 (for
493 2794 554 2855 dici)
566 2811 583 2843 r
711 2809 741 2845 ιο
757 2794 875 2844 uirtutem
889 2794 911 2843 C
918 2793 952 2842 H
955 2810 972 2842 r
1097 2807 1124 2843 ιι
1143 2794 1196 2856 quo'
1205 2792 1292 2842 diuina
1304 2791 1363 2858 (sor
1372 2793 1439 2858 quod
1451 2793 1479 2843 in

269 2879 329 2940 una)
341 2894 357 2928 r
440 2892 468 2940 ¹³
485 2876 601 2926 uniuersa
614 2875 720 2937 C(corr)
733 2891 749 2925 r
843 2889 852 2923 ι
857 2889 871 2937 5
888 2873 984 2938 colligit
995 2874 1026 2924 H
1038 2871 1043 2938 Ι
1056 2873 1162 2923 diuisam
1177 2872 1212 2923 θ’
1224 2875 1258 2924 H
1263 2889 1280 2922 r
1373 2887 1401 2938 ιι
1419 2891 1478 2925 nam

270 2959 326 3024 (sor
335 2959 395 3020 nou)
409 2976 425 3008 r

269 3089 380 3154 gloryoi
394 3089 436 3138 the
454 3090 547 3139 Person
563 3090 594 3138 oi
606 3088 707 3148 Christ;
724 3089 774 3138 and
790 3087 848 3152 they
934 3102 970 3136 ιο.
996 3085 1089 3134 uirtute
1105 3085 1207 3135 illorum
1219 3102 1282 3150 quae
1291 3086 1478 3151 significantur]

269 3187 312 3220 are
330 3171 501 3234 immediately
517 3171 654 3220 connected
674 3168 734 3219 with
753 3167 849 3231 μορφὴν
896 3167 1001 3232 Jacobi:
1014 3171 1030 3193 “
1038 3167 1112 3216 codd.
1125 3181 1269 3230 perperam:
1284 3167 1464 3232 significantur
1466 3184 1479 3228 ,·

271 3249 357 3300 δούλου
366 3252 457 3314 λαβών,
472 3253 554 3308 neh„
570 3251 596 3299 in
612 3250 686 3300 order
701 3259 728 3300 to
744 3250 848 3300 exclude
898 3249 946 3312 leg.
966 3247 1134 3313 significantss’
1181 3249 1193 3296 1
1216 3249 1298 3312 prefer
1320 3249 1362 3298 the
1382 3249 1479 3315 change

269 3334 313 3384 the
329 3333 526 3398 misconception
542 3333 596 3383 that
613 3333 656 3382 the
674 3333 777 3382 Human
794 3333 848 3381 Na·
897 3329 1007 3394 adopted
1023 3329 1049 3378 iu
1066 3328 1109 3378 the
1126 3336 1187 3379 text.
1221 3329 1276 3379 The
1293 3330 1410 3395 meaning
1426 3331 1476 3381 will

269 3422 324 3463 ture
335 3413 411 3462 taken
422 3415 456 3477 by
467 3413 525 3462 God
537 3413 580 3462 the
592 3413 672 3462 Word
685 3414 731 3464 has
745 3430 761 3463 a
777 3429 846 3478 sepa·
898 3409 944 3459 be:
965 3409 1021 3458 ‘the
1037 3409 1169 3460 difference
1187 3409 1216 3458 oi
1229 3411 1272 3460 the
1285 3420 1336 3461 two
1347 3421 1445 3462 natures
1457 3413 1479 3462 is

270 3501 323 3543 rate
334 3493 486 3546 subsistence
497 3509 526 3542 or
536 3491 706 3557 personality.’
740 3493 788 3543 See
805 3493 847 3543 be·
898 3491 1022 3542 ihdicated
1043 3493 1078 3556 by
1096 3492 1139 3541 the
1162 3493 1299 3556 properties
1318 3494 1431 3544 ascribed
1450 3502 1478 3544 ιο

271 3576 327 3634 low,
347 3575 363 3623 l.
379 3575 402 3633 8,
423 3579 497 3622 “non
520 3572 596 3622 alium
619 3575 728 3638 aliquem
751 3581 848 3638 praeter
897 3571 1159 3637 themrespectively.'
1184 3573 1220 3622 So
1229 3573 1281 3638 just
1292 3575 1374 3624 below
1383 3576 1409 3636 (l.
1423 3577 1477 3639 ul:

271 3657 398 3706 Christum
410 3655 533 3705 existimat
546 3665 686 3719 susceptum
695 3653 847 3706 hominem.”
899 3655 968 3704 “illa
985 3670 1049 3719 quae
1066 3657 1157 3704 uirtute
1176 3664 1233 3705 sunt
1251 3657 1423 3718 differentia;”
1443 3659 1475 3709 cf.

270 3741 319 3790 Th.
335 3739 425 3789 indeed
442 3739 563 3803 regarded
581 3740 623 3789 the
642 3741 712 3788 homo
727 3747 848 3803 suxeptus
897 3737 950 3786 also
959 3737 1002 3786 the
1013 3737 1087 3785 Latin
1097 3746 1191 3787 extract
1200 3738 1226 3786 in
1238 3738 1332 3802 Migne,
1344 3739 1405 3804 983:
1420 3741 1478 3790 “ex

270 3837 298 3871 as
315 3820 431 3885 personal
450 3818 553 3883 (τέλειον
570 3819 599 3868 τὸ
619 3819 748 3882 πρόσωπόν
768 3827 848 3880 φαμεν
899 3819 1038 3868 differentia
1049 3819 1150 3882 quidem
1165 3819 1264 3868 illorum
1276 3835 1340 3883 quae
1351 3819 1475 3879 dicuntur,

271 3903 330 3950 eim
346 3899 390 3949 rui
404 3899 547 3961 ἀνθρώπου),
566 3909 608 3964 yet
625 3902 651 3950 in
667 3902 747 3950 virtue
764 3901 792 3950 oi
805 3901 848 3950 the
898 3899 1038 3948 differentia
1061 3899 1213 3964 intellegitur
1234 3909 1393 3960 naturarum
1419 3917 1477 3950 cum

273 3978 378 4029 ‘union’
406 3979 562 4044 inseparable
589 3981 616 4028 in
643 3980 693 4029 iact
719 3979 782 4028 irorn
805 3979 848 4028 the
899 3987 982 4028 autem
995 3979 1146 4043 rediguntur,
1161 3979 1318 4030 manifestam
1330 3982 1478 4047 suspicimus

271 4059 370 4110 Second
382 4059 515 4108 Personos
529 4059 571 4108 the
584 4060 771 4123 HolyTrinity.
806 4059 847 4108 On
898 4059 1102 4110 adunationem.’'

270 4139 313 4188 the
325 4140 428 4189 relation
440 4139 465 4187 in
477 4138 559 4188 which
575 4139 624 4188 this
641 4138 704 4188 view
720 4139 805 4188 stands
821 4145 848 4187 to
933 4157 970 4192 ιι.
1006 4143 1102 4204 onznia]
1137 4145 1193 4194 For.
1208 4143 1258 4209 leg.
1269 4145 1347 4194 omni.

270 4222 313 4272 the
332 4221 444 4272 doctrine
459 4221 488 4270 oi
503 4221 546 4270 the
563 4222 665 4271 Church
682 4237 723 4270 see
740 4221 846 4278 Domer‚
934 4234 970 4282 15.
994 4221 1225 4284 alamindiuisam,
1240 4225 1296 4286 δια]
1330 4225 1475 4290 Cf.Migne,

271 4316 302 4353 11.
320 4303 336 4353 i.
359 4319 384 4369 p.
402 4315 433 4366 47
452 4318 501 4366 sq.;
528 4304 654 4360 Neander,
679 4303 725 4352 Ch.
745 4304 793 4360 H..
813 4303 846 4353 iv.
898 4303 960 4366 985:
987 4302 1003 4361 ἡ
1025 4300 1069 4352 τοῦ
1095 4305 1227 4368 προσώπου
1254 4305 1336 4357 trouu
1363 4307 1477 4370 [ὀφείλει]

269 4401 295 4450 p.
321 4385 385 4442 1183
412 4384 463 4434 and
485 4384 528 4434 the
551 4385 724 4435 Introduction
748 4391 774 4434 to
799 4385 847 4436 this
898 4381 1071 4438 tatwaeamu
1098 4389 1275 4449 φυλάττεσθαι.
1312 4389 1419 4448 Sachau
1448 4407 1473 4456 p.

268 4465 372 4518 edition.
899 4471 970 4522 :A
987 4465 1047 4532 (51).
