3342 5224
168 377 212 441 ΙΙ.
229 379 272 462 6.]
581 391 621 441 m
648 392 699 442 aa.
722 392 773 440 An
797 387 973 439 cnunrns
1337 385 1374 449 17

166 567 272 649 mus>;
294 575 346 630 est
361 567 451 630 enim
466 576 599 648 propter
610 565 868 629 subintroductos
881 562 992 645 salsos
1005 561 1147 643 fratres.
1192 558 1284 642 quod
1303 557 1375 640 qui-

165 669 246 733 dam
263 689 330 732 non
346 669 577 742 adtendentes,
594 670 779 732 nouitatem
795 666 983 731 intellectus
999 663 1156 728 somniati
1172 670 1259 726 sunt.
1302 660 1376 724 uult

167 780 281 848 autem
317 771 426 834 dicere
466 771 627 853 quoniam
662 771 867 838 &ascendens
906 765 1177 842 Hierosolimam,
1208 761 1374 826 habebam

166 891 298 934 mecum
315 872 430 935 Titum
446 874 502 956 qui
519 893 563 935 ex
578 873 735 955 gentibus
751 881 832 948 erat,
847 880 884 935 et
904 869 992 933 hunc
1015 867 1182 930 habebam
1203 865 1375 929 incircum-

166 977 294 1055 cisum;
317 985 351 1040 et
370 996 438 1040 non
460 975 649 1039 circumcidi
669 996 755 1050 eum,
772 975 843 1037 istis
864 971 1071 1036 satisfaciens
1092 969 1148 1052 qui
1170 966 1374 1031 simulabant
1413 971 1427 1038 5

165 1079 304 1162 quidem
324 1099 362 1143 se
381 1098 454 1142 esse
472 1077 598 1142 fratres.
642 1077 964 1142 subintroduxerunt
988 1083 1101 1138 autem
1127 1093 1162 1135 se
1191 1071 1286 1135 nobis
1308 1090 1373 1134 non

167 1182 261 1246 bene.
307 1202 374 1246 non
396 1183 485 1244 enim
504 1182 639 1264 sapiunt
659 1181 716 1245 illa
740 1201 827 1265 quae
848 1179 1060 1256 conueniunt,
1086 1197 1193 1259 neque
1211 1174 1268 1239 illa
1288 1194 1374 1259 quae

165 1285 301 1368 pietatis
317 1293 396 1348 sunt
418 1287 584 1362 continua,
607 1286 665 1348 sed
683 1285 877 1347 insidiantes
894 1283 1081 1346 libertatem
1099 1289 1255 1355 nostram,
1271 1299 1373 1362 quam

166 1385 211 1449 ob
228 1406 297 1449 rem
314 1386 403 1450 illam
422 1407 523 1469 quam
546 1387 579 1449 in
602 1386 736 1450 Christo
754 1385 915 1448 habemus
936 1385 1121 1448 necessario
1140 1381 1315 1456 abutimur,
1334 1401 1374 1444 eo

166 1489 258 1570 quod
288 1511 319 1560 a¹
338 1491 498 1554 seruitute
528 1490 610 1573 legis
648 1489 742 1552 liberi
780 1509 894 1552 sumus
932 1487 1049 1562 effecti,
1081 1485 1292 1549 solummodo
1326 1488 1374 1550 in·
1393 1493 1431 1540 10

165 1615 282 1658 cusare
297 1593 408 1658 sciunt
430 1593 487 1658 illa
501 1615 587 1676 quae
610 1614 632 1658 a
654 1593 750 1657 nobis
769 1592 864 1670 hunt,
881 1591 989 1674 legem
1014 1590 1138 1671 ubique
1160 1587 1373 1671 proferentes,

166 1704 203 1758 et
218 1696 459 1760 contendentes
475 1697 537 1760 sub
552 1697 622 1759 eius
639 1717 700 1759 nos
715 1695 909 1759 seruitutem
922 1689 1091 1775 redigere?
1145 1690 1208 1755 hoc
1224 1700 1274 1754 est
1289 1691 1375 1756 dici:

165 1805 207 1859 ut
228 1817 286 1860 nos
300 1797 344 1860 in
366 1797 555 1862 seruitutem
579 1796 738 1880 redigant.
780 1795 857 1878 ‘qui
882 1804 916 1858 et
933 1794 1122 1857 libertatem
1144 1803 1291 1857 nostram
1308 1815 1375 1876 qua

165 1898 298 1963 liberati
321 1919 436 1964 sumus
457 1921 477 1964 a
497 1900 695 1964 necessitate
716 1907 750 1963 et
767 1897 860 1982 'legis
883 1898 1096 1962 obseruantia
1117 1918 1185 1960 non
1206 1899 1375 1975 cessimus,

165 2013 275 2084 neque
301 2004 389 2086 passi
417 2023 532 2067 sumus
562 2003 687 2086 aliquid
714 2002 846 2066 illorum
874 2023 977 2066 causa
1000 2001 1115 2077 lacere,
1138 2011 1371 2085 praeterquam
1394 2008 1428 2076 15

165 2105 257 2188 quod
277 2105 346 2170 fieri
369 2128 390 2171 a
412 2107 510 2170 nobis
532 2108 692 2186 decebat3
714 2107 773 2171 sed
797 2106 1039 2170 custodiuimus
1059 2105 1176 2169 Titum
1200 2107 1381 2169 incircum-¹

166 2212 285 2290 cisum,
300 2221 338 2276 ut
353 2214 452 2277 uobis
467 2213 626 2276 omnibus
642 2214 698 2296 qui
721 2233 765 2276 ex
786 2214 943 2295 gentibus
965 2211 1150 2276 credidistis
1170 2211 1214 2274 sit
1236 2210 1375 2274 euidens

166 2316 322 2398 probatio
345 2314 557 2398 euangelium
588 2324 739 2380 nostrum
767 2315 909 2378 ueritate
938 2334 1011 2377 esse
1041 2313 1239 2397 praeditum.
1283 2312 1375 2395 quod

168 2438 245 2482 cum
268 2418 360 2483 omni
382 2418 507 2482 fiducia
537 2439 652 2482 sumus
682 2418 788 2494 abusi,
810 2416 941 2480 nullum
970 2417 1245 2492 aduersariorum,
1267 2436 1375 2500 neque

168 2530 249 2584 tunc
271 2521 406 2604 quando
433 2520 523 2604 apud
551 2520 627 2584 illos
655 2541 797 2598 eramus,
821 2519 1111 2603 pertimescentes?
1153 2528 1191 2582 et
1213 2515 1374 2602 quoniam
1390 2533 1433 2580 20

168 2623 339 2706 apostolos
369 2623 493 2707 ubique
522 2622 736 2707 proferebant
765 2622 954 2700 aduersarii,
981 2631 1100 2706 utpote
1125 2621 1236 2706 legem
1266 2631 1375 2686 custo-

168 2725 307 2802 dientes,
324 2727 445 2791 adicit:

233 2853 274 2917 ab
294 2852 348 2917 hir
368 2864 476 2917 autem
498 2854 558 2936 qui
577 2853 733 2919 uidentur
746 2875 811 2918 erse
829 2853 964 2936 aliquid,
979 2853 1090 2935 quales
1107 2852 1287 2935 aliquando
1297 2851 1375 2934 fue-

170 2965 250 3018 runt
263 2955 352 3020 nihil
363 2957 448 3020 milti
462 2957 601 3024 interest.

233 3119 268 3174 et
283 3119 320 3174 ut
335 3131 377 3175 ne
392 3111 546 3175 uideatur
560 3131 646 3175 uene
661 3120 777 3176 contra
792 3111 933 3176 maiores
949 3131 985 3174 se
1001 3107 1188 3174 extollere:
1391 3123 1409 3169 2
1414 3120 1429 3188 5
1468 3149 1471 3154 ι

226 3275 399 3346 personam
417 3263 551 3349 (inquit)
567 3263 709 3328 hominis
722 3261 814 3326 Deus
828 3283 890 3326 non
905 3261 1028 3344 accipit.

234 3391 355 3455 ueritas
376 3391 466 3455 enim
490 3399 561 3455 erat
582 3390 638 3474 qui
660 3389 838 3466 iudicabat,
853 3409 921 3452 non
943 3407 1092 3470 persona
1138 3387 1221 3453 haee
1240 3387 1375 3472 quidem

218 3587 232 3638 5
250 3589 316 3624 nnnc
327 3573 384 3640 (for
394 3573 456 3638 nou)
470 3573 506 3625 C*
517 3576 550 3625 H
664 3590 694 3626 ro
710 3591 773 3624 aem
786 3574 824 3624 C*
942 3589 968 3625 rr
988 3573 1095 3624 incusari
1107 3575 1140 3625 H
1149 3573 1158 3638 ,1
1173 3571 1338 3640 praeferentes
1350 3575 1382 3626 H

132 3655 136 3660 '
166 3654 208 3717 [cl
226 3655 394 3714 Hildebrand.
406 3657 455 3720 Ap.
470 3657 496 3716 i.,
515 3655 594 3720 ¹0²¹l·
707 3658 877 3707 seueritatem
891 3656 965 3707 CH:
982 3671 1021 3704 om
1032 3656 1045 3705 I
1056 3653 1060 3720 Ι
1075 3655 1230 3719 praedictum
1240 3656 1274 3705 H
1280 3656 1377 3722 praedi·

167 3745 251 3786 catum
263 3737 276 3785 1
361 3750 390 3786 ar
402 3737 480 3802 praei.
494 3737 528 3788 H
616 3750 648 3801 η
665 3737 767 3802 quidam
781 3739 846 3787 CH
1240 3747 1244 3752 '

175 3925 226 3960 ·a.
274 3910 408 3960 nour'mm
436 3909 579 3972 wallenus]
632 3909 748 3976 Pelagius
830 3913 949 3963 sommizta'
962 3913 1037 3975 runt]
1065 3912 1105 3964 Cf.
1118 3913 1218 3978 Bensly,
1231 3913 1269 3963 M.
1288 3915 1330 3972 Ε,
1348 3929 1371 3979 p.

168 3989 194 4037 in
210 3988 251 4038 his
267 3995 436 4054 commentam
448 4004 481 4039 on
492 3989 545 4039 this
560 3989 659 4054 Epistle
670 3990 749 4040 main·
802 4007 840 4055 17,
852 3998 919 4044 note.

168 4068 233 4118 mins
242 4065 441 4120 that'l'itusaras
451 4069 749 4121 circumcised:“reddit
833 4087 855 4138 7.
881 4068 1146 4140 praeparantium]
1160 4077 1378 4140 τὰτῆςεῦσιβείω

168 4167 256 4201 causas
272 4166 317 4201 cur
332 4152 488 4202 circumcidit
502 4153 661 4202 Titum...ut
679 4169 748 4203 scan-
799 4155 903 4218 ἐχόμενα
910 4156 952 4218 [?].

168 4233 255 4284 dalum
274 4233 406 4284 imminens
423 4235 568 4286 uitaretur.’'
602 4237 713 4303 Perhaps
729 4237 748 4287 it
835 4249 873 4300 17.
907 4237 1234 4302 utuobis...per!imescentes]
1263 4239 1378 4304 Citedby

168 4315 190 4364 is
209 4323 237 4365 to
258 4315 308 4364 thia
327 4317 458 4380 departure
478 4316 542 4366 from
561 4315 604 4366 the
620 4317 749 4382 prevalent
801 4320 1005 4372 lmilrancinan
1017 4319 1178 4371 abbreviated
1189 4320 1262 4370 form.

169 4396 233 4445 view
244 4397 298 4446 that
310 4396 359 4446 Th.
372 4395 447 4446 refers
453 4414 461 4458 ;
478 4395 498 4446 it
509 4398 609 4448 seemed
619 4406 646 4448 to
657 4398 711 4449 him
722 4407 750 4450 to
834 4415 872 4463 27.
891 4400 949 4449 haec
958 4399 1054 4464 quidem
1063 4401 1227 4462 interiaciens]
1244 4402 1287 4449 ie.
1297 4415 1378 4451 verses

169 4485 218 4526 rest
228 4493 260 4526 on
272 4494 287 4528 a
299 4477 422 4528 mistaken
435 4479 560 4544 emphasis
570 4479 622 4531 laid
634 4497 702 4546 upon
714 4482 748 4530 δέ.
801 4481 880 4544 3-6;
892 4483 941 4530 τοῖς
953 4482 1061 4530 δοκοῦσιν
1071 4481 1132 4530 osv.
1144 4497 1156 4530 a
1170 4483 1245 4545 being
1256 4483 1331 4532 taken
1344 4499 1378 4547 up

256 4591 284 4645 S.
1271 4599 1290 4644 2
