3340 5232
163 389 207 454 ΙΙ.
230 387 288 473 ro]
567 403 608 453 ιιι
633 404 685 454 aa.
708 405 758 454 nu
783 403 968 454 aruusros
1305 406 1364 469 147

162 572 251 635 unde
281 572 422 636 adiecit:
452 573 553 636 creati
581 574 617 636 in
645 573 774 638 Christo
798 574 896 648 Iesa,·
928 575 1013 637 sicut
1039 583 1072 637 et
1103 575 1145 637 ad
1177 573 1366 638 Corinthios

161 675 262 739 dicit:
283 675 315 738 si
331 696 395 757 qua
414 675 449 738 in
471 675 599 742 Christo
619 697 702 740 noua
722 688 878 741 creatura.
923 679 1012 760 quod
1030 686 1141 740 autem
1162 677 1271 740 dicere
1295 676 1367 740 uult

161 777 289 860 indiget
312 776 529 854 latitudinem,
556 778 601 841 ita
631 789 668 842 ut
694 778 878 860 legentibus
905 777 1116 841 manifestum
1147 775 1216 840 fieri
1246 784 1367 858 posset.

162 881 318 945 mortales
354 901 430 944 cum
468 882 571 945 simus
601 882 781 944 secundum
820 891 1028 963 praesentem
1066 880 1178 954 uitam,
1220 880 1367 960 sequitur

161 981 410 1062 quodammodo
429 984 664 1046 mortalitatem
688 981 827 1046 facilitas
850 983 1019 1064 peccandi.
1062 990 1113 1045 est
1128 981 1216 1044 enirn
1232 981 1367 1063 quando
1405 995 1419 1061 5

161 1084 296 1165 quidem
327 1105 346 1146 a
376 1086 555 1168 uoluptate,
579 1086 714 1168 quando
737 1107 815 1148 uero
838 1106 858 1149 a
880 1087 1063 1169 cupiditate
1085 1086 1281 1168 pecuniaria,
1305 1085 1367 1149 fre-

161 1195 300 1266 quenter
315 1195 349 1249 et
364 1187 407 1249 ob
423 1195 630 1269 praesentem
651 1187 790 1269 gloriam
806 1208 907 1270 quam
923 1197 958 1251 et
972 1188 1128 1270 adpetere
1144 1205 1366 1269 properamus

162 1284 195 1347 in
225 1284 382 1349 delictum
418 1289 620 1352 incurrimus.
664 1287 742 1351 hinc
771 1289 936 1370 contingit
965 1289 998 1352 in
1029 1287 1275 1351 multitudinem
1306 1306 1367 1349 nos

161 1399 372 1470 peccatorum
396 1399 430 1454 et
452 1391 710 1473 profunditatem
735 1392 915 1474 impietatis
941 1391 1136 1474 praecipites
1162 1390 1258 1465 duci;
1286 1388 1367 1453 nihil

162 1489 266 1553 iuuati
281 1511 389 1574 neque
403 1513 448 1555 ex
465 1493 529 1557 illis
554 1493 682 1575 legibus
704 1513 790 1575 quae
813 1513 832 1556 a
856 1492 931 1556 Deo
953 1492 1052 1555 datae
1075 1502 1153 1555 sunt
1176 1491 1280 1567 nobiS,
1303 1489 1366 1553 nisi
1385 1503 1424 1550 10

162 1592 269 1662 solum
296 1593 367 1670 hoc,
392 1583 550 1677 quoniam
577 1596 633 1660 lex
659 1597 859 1661 ostendebat
885 1595 941 1659 illa
970 1615 1031 1658 nos
1060 1615 1158 1677 agere
1187 1614 1273 1675 quae
1299 1614 1365 1656 non

162 1698 411 1762 conueniebant
455 1701 535 1783 quid
559 1721 637 1782 ergo
660 1699 738 1763 fecit
760 1699 933 1775 Dominus,
950 1719 1025 1763 cum
1049 1720 1110 1762 nos
1133 1698 1269 1761 minime
1290 1717 1366 1780 pos-

161 1817 272 1861 semus
313 1810 447 1883 propter
487 1800 712 1865 infirmitatem
755 1801 845 1864 illam
888 1822 974 1883 quae
1000 1802 1111 1864 nobis
1152 1802 1268 1863 aderat
1309 1819 1368 1881 per

162 1899 407 1978 mortalitatem,
430 1910 465 1965 et
490 1923 566 1965 cum
592 1922 658 1965 non
686 1903 908 1965 sufficeremus
934 1903 976 1966 ad
1003 1901 1183 1984 perfectam
1208 1901 1364 1963 uirtutem

161 1989 319 2084 proficere
345 2004 584 2068 directionem?
615 2007 732 2069 iterum
759 2024 820 2069 nos
849 2006 995 2068 secundo
1025 2005 1156 2080 creauit,
1184 2002 1364 2066 secundam
1384 2015 1419 2081 15

162 2103 251 2168 illam
275 2105 379 2169 uitam
403 2106 611 2170 inmortalem
634 2108 763 2171 donans
787 2108 902 2184 nobis;
929 2109 961 2171 in
985 2127 1051 2189 qua
1073 2105 1189 2180 effecti,
1214 2112 1249 2167 et
1271 2113 1373 2166 natu-.

162 2206 264 2270 ralem
280 2207 460 2272 abicientes
475 2208 709 2285 infirmitatem,
725 2218 841 2291 utpote
866 2210 969 2291 erepti
994 2229 1014 2272 a
1038 2206 1240 2270 mortalitate
1265 2214 1300 2268 et
1323 2203 1366 2266 ab

162 2310 254 2374 omni
274 2313 428 2393 passione
450 2313 542 2376 liberi
565 2312 681 2388 effecti,
697 2312 864 2375 inmortali
886 2310 1083 2376 habebimur
1104 2319 1221 2372 natura
1245 2317 1282 2371 ut
1304 2327 1365 2371 nec

163 2431 300 2492 peccare
336 2411 422 2477 ultra
459 2415 632 2496 possimus
685 2415 843 2496 quoniam
884 2432 963 2494 ergo
1003 2412 1092 2474 dixit
1128 2411 1208 2492 quia
1236 2427 1367 2473 eramus

163 2516 285 2578 mortui
312 2515 444 2593 delictis,
474 2517 635 2598 facientes
664 2512 844 2579 uoluntates
872 2513 983 2578 carnis
1011 2523 1042 2576 et
1069 2511 1308 2595 cogitationum,
1338 2520 1424 2574 et20

163 2638 292 2680 eramus
306 2629 428 2683 natura
439 2619 515 2704 filii
532 2619 607 2696 irae,
631 2620 688 2683 sed
712 2638 788 2682 cum
811 2619 894 2682 tales
918 2638 1074 2694 essemus,
1095 2616 1367 2680 conresuscitauit

164 2740 225 2783 nos
249 2719 391 2799 Christo,
416 2733 454 2786 ut
476 2723 561 2786 ultra
588 2743 647 2804 per
671 2722 813 2803 gratiam
835 2721 975 2784 salutem
1006 2719 1142 2801 adsequi
1173 2735 1367 2801 possemus:

163 2820 246 2885 haec
268 2823 397 2900 adiecit,
414 2824 512 2888 latius
531 2823 746 2906 comprobare
766 2823 857 2885 illam
873 2822 1013 2885 salutem
1029 2818 1152 2895 uolens,
1170 2838 1255 2901 quae
1271 2817 1367 2880 nobis

163 2922 282 2987 effecta
304 2934 355 2988 est
379 2947 437 3009 per
460 2929 611 3008 gratiam.
655 2928 734 3009 quid
757 2923 872 2988 enim?
916 2922 1050 3006 quando
1073 2920 1136 2984 hoc
1157 2920 1253 2982 nobis
1273 2939 1367 3001 prae-

162 3023 255 3100 stitit,
280 3025 313 3089 id
336 3038 395 3103 est,
419 3030 697 3091 resurrectionem.
741 3047 782 3089 eo
804 3026 893 3108 quod
917 3045 983 3088 non
1007 3045 1051 3086 ex
1075 3023 1170 3085 nobis
1193 3040 1299 3102 neque
1322 3041 1366 3082 ex
1381 3037 1420 3102 25

164 3128 284 3189 nostris
314 3130 469 3212 operibus
499 3129 639 3194 salutern
670 3129 806 3210 adsequi
837 3137 1035 3209 poteramus,
1057 3125 1142 3187 sicut
1167 3131 1202 3185 et
1224 3129 1368 3204 praeter-

164 3224 247 3289 itum
286 3230 433 3294 ostendit
470 3240 609 3314 tempus,
647 3229 845 3293 sufficienter
882 3247 1022 3309 arguens
1060 3227 1092 3288 in
1129 3224 1181 3287 his
1219 3232 1367 3286 nostram

163 3330 397 3398 infirmitatem.
441 3344 476 3398 et
501 3335 576 3398 ideo
599 3335 708 3398 denuo
732 3333 856 3396 creauit
878 3351 939 3394 nos
965 3331 998 3394 in
1022 3328 1164 3404 Christo,
1187 3326 1367 3390 secundam

163 3434 254 3498 illam
284 3436 388 3498 uitam
419 3436 611 3500 condonans
641 3436 737 3500 nobis
770 3436 803 3498 in
833 3452 900 3515 qua
929 3430 1037 3495 effecti
1067 3449 1203 3512 peccare
1232 3427 1367 3509 quidem

214 3607 228 3655 3
244 3591 376 3642 latitudine
390 3590 495 3656 Cicirr)
564 3609 594 3644 ιο
605 3593 672 3644 iuuat
684 3594 716 3643 H
726 3591 731 3652 Ι
745 3599 802 3643 sunt
813 3607 852 3641 am
863 3592 896 3640 H
961 3603 986 3638 ιι
1000 3604 1101 3639 nonam
1116 3589 1138 3639 C
1205 3601 1232 3636 ro
1245 3584 1368 3651 possimus

168 3673 190 3722 C
262 3687 292 3734 14
308 3688 408 3722 nonam
420 3673 467 3722 H*
543 3687 570 3735 15
588 3675 724 3724 secundum
743 3671 801 3738 (sor
814 3667 958 3735 secundam)
973 3669 1046 3720 C*H
1110 3683 1139 3733 ¹9
1155 3683 1284 3733 possemus
1303 3665 1373 3715 C'H

163 3769 194 3804 aa
214 3769 267 3810 uos,
287 3754 394 3804 salutem
410 3771 449 3803 om
466 3754 500 3803 H
508 3753 512 3819 Ι
527 3770 659 3819 possumm
675 3755 723 3805 H*
741 3755 865 3820 possimus
882 3753 912 3802 H
928 3749 1002 3815 (corr)
1095 3749 1126 3800 26
1143 3749 1280 3814 poterimus
1300 3746 1373 3797 C'H

166 3836 197 3884 28
213 3835 349 3884 secundum
364 3834 438 3884 C'H

164 3979 207 4028 the
224 3979 330 4029 allusion
347 3985 374 4028 to
390 3971 433 4029 the
451 3981 605 4042 ὼαγέηησιι
622 3981 740 4046 through·
791 3995 816 4027 v.
842 3977 879 4030 16.
914 3979 968 4029 Our
995 3977 1080 4028 transl.
1103 3975 1202 4026 follows
1228 3975 1272 4025 the
1298 3983 1369 4040 great

164 4067 226 4119 out;
240 4060 285 4108 but
301 4060 365 4108 their
375 4060 579 4130 vieyvislimited
590 4070 616 4112 to
628 4063 740 4127 Baptism
792 4060 907 4123 majority
934 4058 964 4108 of
993 4058 1035 4107 the
1066 4057 1141 4105 Latin
1168 4055 1314 4105 authorities
1342 4056 1368 4103 in

164 4139 215 4190 and
226 4139 269 4188 the
280 4139 413 4203 baptismal
425 4141 475 4190 lif.
511 4141 570 4202 Th,
585 4141 662 4191 ashis
673 4149 740 4190 wont
792 4141 956 4206 punctuating
977 4141 1001 4187 et
1023 4155 1058 4189 ru
1080 4140 1106 4187 ir
1128 4139 1174 4200 Χρ.
1197 4134 1266 4196 καινὴ
1283 4138 1365 4196 κτίσις,

165 4220 193 4280 is,
208 4220 261 4284 lays
271 4227 369 4284 greater
379 4229 453 4272 strcss
464 4238 496 4271 on
514 4221 556 4272 the
573 4223 639 4287 hope
655 4223 685 4272 of
697 4224 741 4274 the
790 4224 822 4272 τὰ
834 4225 890 4286 ἀρχ.
902 4239 960 4284 παρ.

164 4299 207 4348 life
224 4307 251 4350 to
269 4315 357 4359 oome3
373 4300 405 4350 cf.
422 4301 462 4351 his
476 4317 565 4352 corruo.
584 4316 618 4352 ou
635 4303 691 4354 Gal.
706 4304 740 4353 vi.
823 4322 848 4367 4.
889 4305 998 4368 sequitm
1016 4302 1199 4359 mortalitatem,
1219 4301 1278 4363 &cl
1320 4301 1369 4350 See

167 4397 205 4446 15.
791 4385 879 4442 above,
893 4398 919 4448 p.
933 4397 962 4445 ²5
975 4399 1012 4448 sq.
1024 4381 1075 4431 and
1087 4389 1165 4431 notes.

198 4478 222 4513 a.
263 4464 390 4530 riquae'n
409 4465 612 4526 Chn'ston.cr.]
654 4465 741 4513 aCor.
828 4481 864 4514 ιο.
898 4463 991 4524 inuata]
1024 4462 1065 4511 Cf.
1078 4479 1102 4526 p.
1115 4477 1156 4526 9²·
1170 4463 1187 4510 l.
1203 4475 1240 4520 ro,
1254 4469 1321 4510 note.

1180 4574 1281 4621 10-2
