3342 5224
327 375 348 428 2
660 371 887 426 THEODORUS
910 371 1203 425 MOPSUESTENUS

331 547 440 613 modis
454 545 611 611 omnibus
627 544 710 628 legis
725 541 858 609 firmare
873 542 1026 624 decreta;
1049 543 1200 609 dicentes
1214 543 1374 627 quoniam
1390 543 1534 607 ‘nullum

328 653 486 718 iuuamen
516 669 561 714 ex
590 669 631 715 ea
659 649 727 714 fide
756 669 843 732 quae
873 650 907 712 in
938 647 1072 712 Christo
1105 655 1157 712 est
1187 649 1334 732 poterint
1363 650 1535 713 credentes

329 756 477 839 adsequi,
496 755 524 820 si
549 774 615 819 non
640 754 742 818 etiam
767 761 802 817 et
826 752 908 836 legis
932 751 1128 835 Moysaicae
1149 753 1362 837 impleuerint
1382 753 1535 818 decreta!

329 859 486 924 dicebant
508 859 597 922 enim
618 857 697 940 quia
720 863 754 921 et
778 857 923 939 primum
948 854 1005 919 lex
1028 875 1050 920 a
1075 856 1150 921 Deo
1172 857 1254 922 data
1276 858 1322 923 sit
1344 879 1385 923 ea
1408 859 1536 923 ratione

297 970 368 1044 sut
396 961 621 1026 custodientes
651 979 725 1023 earn
756 958 919 1023 bonorum
946 959 991 1023 ab
1017 979 1057 1023 ea
1083 961 1306 1043 percipiamus
1336 961 1534 1038 fruitionem,

329 1072 448 1148 utpote
471 1063 548 1128 iusti
571 1071 607 1127 et
631 1063 690 1151 qui
713 1082 813 1146 opere
838 1062 912 1145 ipso
935 1061 1018 1146 legis
1043 1061 1292 1145 impleuerimus
1316 1065 1461 1130 decreta.
1506 1065 1534 1127 si

328 1185 409 1230 uero
438 1163 681 1249 neglegendam
712 1163 1015 1228 existimauerimus
1045 1184 1117 1228 esse
1147 1164 1230 1249 legis
1260 1167 1456 1240 custodiam,
1484 1165 1535 1229 in-

328 1270 432 1335 dubie
455 1270 589 1333 diuinae
607 1267 808 1333 subiciemur
829 1268 1023 1333 sententiae.
1066 1268 1224 1334 dicebant
1246 1279 1359 1335 autem
1382 1280 1416 1335 et
1438 1291 1535 1353 apos-

328 1373 417 1439 tolos
430 1394 547 1438 omnes
558 1373 614 1456 qui
630 1371 760 1436 fuerant
776 1392 852 1436 cum
870 1371 1004 1436 Christo
1019 1371 1234 1437 uehementer
1249 1372 1331 1456 legis
1347 1375 1533 1439 custodiam

278 1496 405 1546 10cum
432 1477 523 1542 omni
550 1495 682 1540 seruare
711 1474 896 1558 diligentia.
941 1474 1025 1539 haec
1054 1483 1168 1539 autern
1199 1476 1355 1541 dicebant
1385 1485 1423 1541 ut
1452 1475 1535 1558 legis

329 1578 465 1664 quidem
483 1578 718 1642 auctoritatem
736 1577 828 1640 omni
848 1579 972 1641 uirtute
992 1587 1160 1661 augerent,
1180 1578 1321 1662 gloriam
1339 1600 1419 1644 uero
1440 1577 1533 1643 Pauli

329 1682 439 1745 modis
468 1680 623 1744 omnibus
653 1678 827 1744 abolerent
839 1698 847 1758 ;
881 1679 1082 1764 derogantes
1115 1682 1186 1745 eius
1216 1682 1386 1746 doctrinae
1415 1702 1455 1746 ac
1484 1681 1534 1745 di-

319 1793 441 1851 'centes
472 1784 630 1866 quoniam
661 1788 745 1846 ‘non
772 1802 851 1847 uere
876 1783 994 1848 similis
1020 1783 1074 1847 hic
1100 1785 1217 1848 ceteris
1248 1785 1418 1868 apostolis.
1472 1804 1534 1847 nec

329 1888 418 1952 enim
449 1896 499 1951 est
529 1886 579 1950 sas
608 1893 647 1950 ut
676 1893 789 1950 tantos
827 1885 1059 1970 relinquentes,
1091 1887 1145 1952 isti
1182 1889 1238 1953 uni
1269 1898 1303 1953 et
1332 1888 1395 1953 soli
1425 1888 1533 1953 uelitis

277 2012 313 2081 15
329 1989 519 2058 intendere!
574 1988 755 2055 adicientes
785 1990 887 2055 etiarn
918 1990 1075 2056 dicebant
1104 1993 1183 2076 quia
1209 1992 1275 2056 ‘illi
1305 1992 1440 2075 quidem
1468 1992 1533 2056 dis-

329 2092 428 2177 cipuli
452 2093 585 2158 fuerunt
609 2091 740 2170 Christi,
764 2101 898 2159 etcum
923 2114 963 2158 eo
986 2115 1046 2177 per
1068 2113 1169 2158 omne
1190 2102 1324 2176 tempus
1347 2095 1533 2157 conuersati

328 2205 416 2272 sunt,
433 2204 468 2261 et
486 2196 529 2261 ab
553 2216 593 2260 eo
615 2197 707 2260 omni
728 2197 926 2281 dogmatum
949 2196 1205 2280 scrupulositate
1225 2205 1304 2261 sunt
1326 2196 1455 2274 edocti;
1479 2195 1533 2260 hic

329 2321 408 2365 uero
423 2299 513 2365 idem
530 2299 652 2364 Paulus
674 2298 843 2365 Christum
866 2321 928 2365 nec
953 2300 1066 2365 uidere
1086 2319 1147 2364 nec
1168 2300 1212 2363 ab
1237 2320 1277 2363 eo
1301 2300 1427 2362 discere
1442 2299 1533 2382 quic-

328 2421 431 2485 quam
454 2402 574 2486 potuit,
590 2402 648 2467 sed
672 2401 792 2467 horum
812 2404 960 2488 ipsorum
986 2402 1049 2467 suit
1073 2401 1263 2486 discipulus.
1308 2421 1418 2484 aquo
1443 2401 1531 2465 enim

269 2525 317 2575 20
328 2503 433 2569 altero
458 2505 569 2587 potuit
595 2505 722 2570 discere
747 2507 932 2584 ueritatem,
957 2515 1137 2590 postquam
1165 2505 1316 2570 Christus
1343 2503 1376 2567 in
1403 2503 1532 2568 caelum

327 2609 500 2674 ascendit?
533 2609 648 2692 itaque
674 2610 784 2674 modis
805 2609 962 2674 omnibus
986 2609 1144 2674 conuenit
1170 2628 1238 2672 non
1258 2607 1336 2672 huic
1360 2607 1532 2672 intendere

326 2712 409 2777 talia
434 2713 576 2790 docenti,
601 2714 660 2778 sed
681 2714 800 2779 ceteris
823 2714 995 2798 apostolis
1010 2713 1100 2797 ap'ud
1120 2707 1205 2796 quos
1224 2713 1330 2776 multa
1345 2711 1532 2776 sollicitudo

326 2835 406 2899 erga
430 2814 513 2899 legis
533 2815 781 2880 obseruantiam
809 2837 882 2881 esse
905 2813 1088 2880 inuenitur!
1132 2813 1183 2878 his
1198 2814 1405 2878 sermonibus
1421 2833 1532 2878 suase·

325 2925 404 2981 runt
428 2915 558 2980 Galatis
581 2916 638 2999 qui
663 2937 708 2981 ex
731 2917 887 3000 gentibus
914 2916 1046 2982 Christo
1067 2916 1285 2990 crediderant,
1301 2916 1460 2980 docentes
1475 2935 1532 2979 eos

271 3041 311 3108 25
327 3021 383 3104 qui
399 3041 419 3084 a
434 3021 537 3085 beato
553 3020 658 3084 Paulo
673 3021 844 3103 baptisma
856 3028 1073 3105 perceperant
1088 3029 1123 3085 et
1138 3019 1285 3084 diuersas
1300 3019 1424 3102 gratias
1440 3018 1533 3102 spiri-

326 3121 410 3186 tales
426 3122 556 3186 fuerant
575 3123 724 3187 adsecuti
740 3131 777 3187 ut
793 3123 965 3206 legitimae
978 3121 1205 3187 obseruationi
1221 3121 1482 3199 succumberent,
1498 3119 1532 3183 in

324 3231 458 3290 tanturn
488 3232 526 3288 ut
556 3235 590 3290 et
620 3226 757 3309 quidam
789 3246 904 3291 eorum
934 3225 1217 3290 circumcisionem
1248 3223 1356 3287 carnis
1384 3223 1533 3306 accipere

325 3326 586 3409 adquieuissent.
631 3350 699 3412 quo
715 3330 804 3393 sacto
820 3328 993 3412 apostolus
1009 3328 1051 3391 de
1067 3327 1127 3390 tali
1141 3334 1238 3409 gestu
1257 3325 1378 3408 probat
1398 3333 1435 3388 ut
1454 3344 1532 3387 con-

326 3439 463 3493 uenerat
490 3429 622 3496 feruens
648 3431 881 3508 aemulatione,
906 3431 1052 3494 scribens
1075 3429 1119 3493 ad
1147 3451 1204 3493 eos
1226 3427 1313 3492 hanc
1338 3427 1531 3512 epistolam;

271 3552 314 3616 30
325 3533 369 3600 ad
394 3535 508 3600 omnia
533 3555 620 3618 quae
646 3537 690 3600 ab
717 3535 914 3600 aduersariis
941 3536 985 3598 de
1011 3554 1052 3597 eo
1079 3532 1170 3597 dicta
1198 3531 1328 3595 fuerant
1353 3531 1534 3615 prudenter

374 3693 521 3754 apoterant
540 3688 563 3738 C
573 3688 652 3758 icorr)
669 3689 704 3738 H
715 3688 757 3750 [cf.
776 3687 888 3750 R'dnsch,
908 3701 970 3754 294:
990 3685 1089 3752 Bensly,
1110 3697 1173 3749 qan,
1193 3684 1237 3747 88]
1383 3701 1397 3749 3
1414 3685 1483 3750 leges
1497 3684 1531 3734 θ’

324 3782 338 3832 5
355 3769 430 3819 abeo
441 3770 472 3819 H
593 3769 609 3818 8
625 3769 658 3818 ad
669 3777 750 3834 apost.
762 3769 795 3818 H
900 3785 927 3818 11
946 3768 1092 3817 auctoritate
1104 3765 1129 3816 in
1140 3781 1164 3815 o.
1176 3783 1202 3816 u.
1215 3764 1249 3814 H
1348 3778 1377 3826 ¹3
1393 3763 1435 3812 bic
1446 3763 1534 3813 similis

322 3851 355 3900 H
365 3851 370 3911 Ι
384 3859 432 3902 cet.
444 3857 481 3900 est
492 3865 533 3915 ap.
550 3847 656 3914 Cleon)
755 3863 784 3912 17
801 3867 876 3901 omne
887 3851 913 3901 d.
925 3850 1107 3916 serupolisitate
1120 3848 1156 3900 C*
1173 3863 1260 3899 omnes
1271 3847 1296 3900 d.
1310 3849 1499 3914 scrupulositate
1513 3853 1535 3902 C

323 3932 398 3994 (corr)
477 3943 507 3979 ar
526 3945 575 3980 asc.
587 3929 613 3978 in
625 3945 646 3982 e.
660 3929 694 3980 H
786 3945 817 3981 aa
836 3931 886 3982 alia
896 3931 952 3982 doc.
965 3931 999 3980 H
1007 3928 1012 3996 Ι
1026 3939 1052 3981 et
1064 3927 1122 3995 [sor
1131 3927 1183 3994 sed)
1196 3931 1231 3980 H
1312 3944 1344 3992 24
1361 3930 1479 3982 docentes
1490 3947 1534 3982 eos

321 4012 397 4063 beato
409 4012 437 4061 P.
450 4011 493 4076 qui
504 4017 529 4062 et
540 4011 608 4076 bapt.
623 4025 689 4076 perc.
704 4009 739 4061 δ’
784 4011 943 4062 detrahentes
958 4013 984 4062 b.
1005 4012 1032 4061 P.
1053 4011 1096 4075 qui
1113 4017 1138 4060 et
1155 4011 1225 4077 bapt.
1241 4010 1274 4059 ab
1289 4025 1320 4060 eo
1336 4026 1402 4075 perc.
1420 4011 1442 4061 C
1458 4011 1532 4073 (corr)

322 4091 355 4143 26
365 4091 539 4142 obseruatione
553 4090 589 4142 C*
686 4091 720 4142 28
732 4092 904 4157 adquiuissent
917 4092 982 4142 CH
988 4089 994 4156 Ι
1008 4091 1114 4156 probata
1128 4091 1151 4141 C
1240 4105 1273 4157 ²9
1289 4091 1375 4140 scribit
1388 4091 1410 4141 C
1604 4111 1606 4116 ’

354 4247 394 4281 nr.
417 4232 541 4282 intendere
553 4231 615 4282 talia
627 4231 729 4295 duent]
756 4233 805 4284 See
816 4249 857 4285 vv.
872 4231 899 4282 lL
987 4225 1027 4294 ¹23.
1062 4230 1131 4296 erga]
1148 4231 1190 4282 On
1207 4231 1250 4281 the
1266 4245 1310 4280 use
1325 4229 1355 4278 ol'
1367 4245 1424 4292 ergo
1440 4227 1467 4277 in
1483 4228 1532 4278 this

320 4311 377 4362 The
388 4311 492 4376 reading
502 4311 531 4361 ol
539 4312 575 4373 H,
589 4310 611 4360 ii
623 4311 738 4376 genuine,
751 4327 808 4376 may
820 4327 903 4377 repre·
953 4311 1108 4368 translation,
1120 4327 1162 4362 see
1177 4305 1220 4362 the
1237 4327 1298 4362 neue
1311 4309 1474 4376 Jahrbricker
1480 4311 1534 4373 sair

320 4400 376 4443 sent
383 4391 427 4444 the
438 4399 503 4458 part.
513 4392 543 4443 ol'
554 4393 777 4454 ἑτεροδιδασκαλεῖν
787 4393 903 4455 [=aliter
952 4392 1043 4444 Philol.
1056 4409 1083 4442 re.
1095 4394 1201 4459 Pddag,
1216 4395 1286 4458 1874,
1301 4409 1344 4458 pp.
1357 4392 1493 4458 849—-856.

319 4473 422 4524 docerer
437 4471 502 4524 Tim.
518 4473 534 4523 i.
551 4487 573 4538 3,
587 4473 619 4523 vi.
638 4473 673 4538 31.
